Count,Tradelist Count,Name,Edition,Condition,Language,Foil,Tags,Scryfall ID,Last Modified
"1","0","Settle the Wreckage","Ixalan","Good (Lightly Played)","English","","EDH | Tameshi","9cbd346e-098a-4cf6-a72f-468376fd2e8f","2024-03-02 22:58:09.843061"
"1","1","Mistveil Plains","Shadowmoor","Good (Lightly Played)","English","","","af06f923-0c89-42ae-a4a8-618be7f39cce","2024-12-28 03:48:46.768459"
"1","1","Rumor Gatherer","Streets of New Capenna","Near Mint","English","foil","BIN","f8b87807-cac5-4e33-a8ed-a9ced0cd83a1","2025-01-13 02:39:26.884862"
"1","1","Into the Fire","March of the Machine","Near Mint","English","","","80f649bb-b163-44ae-801f-8884143c407f","2024-11-26 19:55:16.679312"
"1","0","Ashen Rider","Theros","Near Mint","English","","EDH | Karador","602e43b1-1b1c-4eb1-be0a-61b673646c6f","2020-03-19 18:47:48.048105"
"1","1","Immaculate Magistrate","Commander Legends","Near Mint","English","","BIN","d9208db8-1ba5-4f9c-90a4-03e377ae6f86","2025-03-07 03:52:45.823066"
"1","0","Goro-Goro, Disciple of Ryusei","Kamigawa: Neon Dynasty - Showcase","Near Mint","English","","Cube | sneo","862e9b05-209d-47d6-8692-ec0cb5f19e25","2023-01-22 18:21:58.840096"
"1","0","Raiyuu, Storm's Edge","Kamigawa: Neon Dynasty - Showcase","Near Mint","English","","Cube | sneo","1026485e-3df5-4ac7-baa1-06bff537a506","2023-01-22 18:21:58.854450"
"2","2","Body of Knowledge","Commander Legends","Near Mint","English","","BIN","786ae686-0790-4ba1-927f-523984331549","2025-03-07 03:52:25.198621"
"1","1","Sailor of Means","Commander Legends","Near Mint","English","foil","BIN","212e9011-a9b7-4a60-bb47-ce5c3c147280","2025-03-07 03:51:39.594344"
"1","0","Shigeki, Jukai Visionary","Kamigawa: Neon Dynasty","Near Mint","English","","Cube | sneo","52a16623-7e6d-405b-95db-bf18aeea3f49","2023-01-22 18:21:58.866528"
"1","0","Soul Transfer","Kamigawa: Neon Dynasty","Near Mint","English","","Cube | sneo","1e5aba90-c8c7-4f06-b7b3-1b4758d2791a","2023-01-22 18:21:58.885460"
"1","1","Azure Fleet Admiral","Commander Legends","Near Mint","English","foil","BIN","c0889e22-deab-48ba-bbd6-f0d49bee5d9c","2025-03-07 03:51:39.594344"
"1","0","Invoke Justice","Kamigawa: Neon Dynasty","Near Mint","English","","Cube | sneo","3a598ab6-3254-49fe-b69f-e7c759129599","2023-01-22 18:21:58.902698"
"1","0","Tribute to Horobi","Kamigawa: Neon Dynasty","Near Mint","English","","Cube | sneo","54613f38-ca91-4764-b1fe-60cd83707fb4","2023-01-22 18:21:58.917747"
"1","1","Corpse Churn","Commander Legends","Near Mint","English","foil","BIN","6fedb37f-4f3c-477c-84c0-aa864e87c111","2025-03-07 03:51:39.594344"
"3","0","Swiftwater Cliffs","Kamigawa: Neon Dynasty","Near Mint","English","","Cube | sneo","ea6c2670-e6fd-40d6-afe0-7d3c4db96a4d","2023-01-22 18:21:59.002147"
"3","0","Rugged Highlands","Kamigawa: Neon Dynasty","Near Mint","English","","Cube | sneo","58d511be-60e0-4755-abec-18eebb530605","2023-01-22 18:21:59.021998"
"1","0","Rampant Growth","Double Masters 2022 - Borderless","Near Mint","English","","","b4bbf009-0798-4d8b-b375-6d6fde975c34","2024-03-29 00:40:30.503415"
"1","1","Demonic Dread","Alara Reborn","Good (Lightly Played)","English","","BIN","fb81132e-ab33-435f-ade4-af4416d36044","2025-03-07 03:51:39.594344"
"1","0","Midnight Reaper","Guilds of Ravnica","Near Mint","English","","EDH | Karador","5e122fe0-51c5-404d-a7b9-3d161a426c35","2020-04-20 20:26:55.968910"
"1","0","Wayfarer's Bauble","Fallout","Near Mint","English","","EDH | Butch","084b7503-d05b-4eac-bb6f-ef3bf696437d","2025-02-01 01:01:37.460631"
"1","0","Nikara, Lair Scavenger","Commander 2020","Near Mint","English","","EDH | Butch","00b9ac91-51e4-4653-ac2a-da166a894f2a","2025-02-01 01:00:22.605267"
"1","0","Diamond City","Fallout","Near Mint","English","","EDH | Butch","3e9bd49a-e9f1-4543-b04a-777a9e5a55ec","2025-02-01 01:01:23.669422"
"1","0","Borborygmos Enraged","Ravnica Remastered","Near Mint","English","","Cube | bgc1 | 06-Multi","02df18c5-07b9-4e85-9c4b-58b63fa59437","2025-02-01 01:03:11.932161"
"1","1","Vadmir, New Blood","Outlaws of Thunder Junction","Near Mint","English","","BIN","828b5855-af5a-46a6-8fd4-0a2e28f3bb01","2025-03-07 03:51:39.594344"
"1","0","Hexavus","The Brothers' War Commander","Near Mint","English","","EDH | Butch","b599064e-1c44-4df0-ac7d-d2eb0ba44b16","2025-02-01 01:00:51.972022"
"1","0","Pip-Boy 3000","Fallout","Near Mint","English","","EDH | Butch","c2248694-aab0-47a8-ae8b-8d5283075e10","2025-02-01 01:01:17.513703"
"1","0","Sol Ring","Fallout","Near Mint","English","","EDH | Butch","e675f7e2-5c9f-4912-8fdd-daaeda284a3d","2025-02-01 01:01:30.302900"
"1","1","Wayfarer's Bauble","Fallout","Near Mint","English","","BIN","084b7503-d05b-4eac-bb6f-ef3bf696437d","2025-03-07 03:51:39.594344"
"1","1","Helper Card","March of the Machine - Promo Pack","Near Mint","English","","BIN","84bb6cda-2dd0-4ad7-82ef-8461588d83aa","2025-03-07 03:51:39.594344"
"2","0","Elemental Token","Modern Horizons 2","Near Mint","English","","Cube | bgc1 | 10-Tokens","5cddb130-a354-4373-9dc4-60c7d57eec8b","2025-02-01 00:59:59.698270"
"1","0","Cemetery Prowler","Innistrad: Crimson Vow","Near Mint","English","","Cube | bgc1 | 05-G","b124ccc4-76e3-41a4-92b2-8f1d06ea9cb8","2025-02-01 01:02:58.686017"
"1","0","Scavenger Grounds","Fallout","Near Mint","English","","EDH | Butch","bc8fa97c-f796-4fb7-bd4d-f55b5f66c36e","2025-02-01 01:01:00.755271"
"1","0","Rogue's Passage","Fallout","Near Mint","English","","EDH | Butch","6e0d5ed6-baa9-42b7-87e2-372e4513b771","2025-02-01 01:01:10.157001"
"1","0","Fain, the Broker","Commander 2021","Near Mint","English","","EDH | Butch","26acb9db-1a2f-4b08-b121-88f953e597e5","2025-02-01 01:01:46.989496"
"1","1","Kaervek, the Punisher","Outlaws of Thunder Junction","Near Mint","English","","BIN","7f3affc1-be42-48c7-89ff-b59550ff278c","2025-03-07 03:52:25.198621"
"1","1","Pact of the Serpent","Kaldheim Commander Decks","Near Mint","English","","BIN","c5b3d118-ba4b-4a93-92a2-cd763de49d29","2025-02-01 01:04:50.923308"
"1","1","Changeling Outcast","Zendikar Rising Commander","Near Mint","English","","BIN","0dc046ef-eeb9-4ef7-8cc5-172b7346355e","2025-02-01 01:05:03.337190"
"2","2","Corpse Churn","Oath of the Gatewatch","Near Mint","English","","BIN","6b7e6054-c6b8-4b29-83c5-a2e4e295bdf3","2025-03-07 03:51:39.594344"
"3","3","Murder","Commander Legends","Near Mint","English","","BIN","440bfb8c-f29a-4c11-9fcb-ee935dead03f","2025-03-07 03:51:39.594344"
"3","3","Spontaneous Mutation","Commander Legends","Near Mint","English","","BIN","6919154c-154e-4430-b7fd-ab9fe70326dc","2025-03-07 03:51:39.594344"
"3","3","Dhund Operative","Commander Legends","Near Mint","English","","BIN","e0efe5b1-c515-4642-aca2-3eba68fe63ff","2025-03-07 03:51:39.594344"
"1","0","Dauthi Embrace","Tempest","Good (Lightly Played)","English","","EDH | Butch","7e84bb94-d654-4d69-89d9-0a398a940125","2025-01-31 23:05:52.963278"
"1","0","Doom Whisperer","Guilds of Ravnica","Near Mint","English","","Cube | bgc1 | 03-B","0a11ee0d-ff8d-4648-8b4e-29440c135c30","2025-01-31 23:05:52.980222"
"1","0","Sign in Blood","Magic 2013","Good (Lightly Played)","English","","EDH | Butch","64f6600b-36c4-43bd-8c01-cfbca402ecd6","2025-01-31 23:05:53.016685"
"1","0","Feast on the Fallen","Magic 2015 Core Set","Near Mint","English","","EDH | Butch","d96a9227-14ce-4d35-b5e6-0d0c657207c0","2025-01-31 23:05:53.029913"
"1","1","Witch's Cottage","Throne of Eldraine","Near Mint","English","","","b87891cd-b457-4dff-8d18-a7eaf6748fc6","2025-03-30 18:24:00.695449"
"2","0","Eldrazi Horror Token","Eldritch Moon","Near Mint","English","","Tokens","11d25bde-a303-4b06-a3e1-4ad642deae58","2025-01-31 23:06:42.818536"
"1","0","Spitting Dilophosaurus","Jurassic World Collection","Near Mint","English","","EDH | Butch","f4f0c479-5fd1-45c2-af3f-15b6e5811b0f","2025-01-31 23:08:33.062839"
"1","0","Pact of the Serpent","Kaldheim Commander Decks","Near Mint","English","","EDH | Butch","c5b3d118-ba4b-4a93-92a2-cd763de49d29","2025-01-31 23:08:33.486550"
"1","0","Massacre Wurm","Mirrodin Besieged","Good (Lightly Played)","English","","EDH | Butch","cdd32ec2-02a8-41fc-bf45-c9585bb2b3ee","2025-01-31 23:17:58.745718"
"1","0","Swamp (#269)","Core Set 2020","Near Mint","English","foil","EDH | Butch","184a196e-8604-49d2-a66a-6f7c0eafd5de","2025-01-31 23:22:34.404141"
"1","0","Six","Modern Horizons 3","Near Mint","English","","Cube | bgc1 | 05-G","f9246b68-580f-4f53-883d-7900880e4b0d","2025-01-31 23:07:43.059773"
"1","0","Night's Whisper","Open House Promos","Near Mint","English","foil","EDH | Butch","e93b0c9a-e8dc-4b08-a8cc-79c1c2c36441","2025-01-31 23:07:43.082386"
"1","0","Changeling Outcast","Modern Horizons","Near Mint","English","","EDH | Butch","08151d00-513a-4957-aa16-01c0f0245112","2025-01-31 23:07:43.097890"
"1","0","Battle Screech","Dominaria Remastered","Near Mint","English","","Cube | bgc1 | 01-W","3a21cf44-4d8e-4b24-a1fe-4222c857f0ef","2025-01-31 23:07:43.144592"
"4","0","Cephalid Coliseum","Modern Horizons 3","Near Mint","English","","Modern | Dredge","2cb9c743-8793-48e6-bb3d-0d9b76fd1a62","2025-02-01 19:37:10.388402"
"1","1","Bloodthirsty Blade","Commander 2019","Near Mint","English","","BIN","42ceb92a-2f41-43d2-884b-b3362d611cfd","2025-03-07 03:51:39.594344"
"1","0","Swamp (#563)","Secret Lair Drop Series","Near Mint","English","foil","EDH | Butch","65422b02-47ee-4c68-ac27-81fa6368864e","2025-01-31 23:21:59.174721"
"1","0","Swamp (#283)","The Brothers' War","Near Mint","English","foil","EDH | Butch","7232adef-c8eb-461f-b563-cb54cdeb22d5","2025-01-31 23:22:11.650170"
"1","0","Swamp (#264)","Wilds of Eldraine","Near Mint","English","foil","EDH | Butch","ee68f2cb-851b-4196-ac58-844d72628e6a","2025-01-31 23:21:23.794618"
"1","0","Swamp (#28)","Premium Deck Series: Graveborn","Near Mint","English","foil","EDH | Butch","116af68d-2f2a-454e-947a-ceeda00f5905","2025-01-31 23:21:47.252364"
"1","0","Swamp (#289) (Full Art)","The Lost Caverns of Ixalan","Near Mint","English","foil","EDH | Butch","a825ac86-d642-42fd-b6aa-94aa804907d9","2025-01-31 23:22:20.060977"
"1","1","Ajani's Presence","Journey into Nyx","Near Mint","English","","BIN","e77e2fd5-5c46-4f6b-ac43-ec23fab57a1a","2025-03-07 03:51:39.594344"
"11","11","Tragic Poet","Dominaria","Near Mint","English","","BIN","f957b353-7765-4c16-9645-d41000154130","2025-03-07 03:51:39.594344"
"1","1","Furnace Celebration","Ultimate Masters","Near Mint","English","","BIN","c5879ce5-7bc0-4688-a506-8b0796a00485","2025-03-07 03:51:39.594344"
"1","1","Pit Fight","Gatecrash","Near Mint","English","","BIN","3624332e-60fc-4819-a0f1-d7ec41c6518b","2025-03-07 03:51:39.594344"
"4","4","Checklist Card","Dark Ascension","Near Mint","English","","BIN","825c61e7-bf33-45ea-af78-97ab3bc96753","2025-03-07 03:51:10.920599"
"16","16","Checklist Card","Ixalan","Near Mint","English","","BIN","4a8b3030-5495-404b-938c-8c4a387a1341","2025-03-07 03:51:10.920599"
"1","0","Rugged Prairie","Double Masters","Near Mint","English","","EDH | Rocco","225cd301-7d04-480d-94ed-52537d944c6f","2024-10-21 02:25:39.240634"
"1","0","Sarinth Steelseeker","The Brothers' War","Near Mint","English","foil","EDH | Rocco","d96761b2-eb9c-4963-a496-ba53a01f4b17","2023-07-28 00:54:05.884347"
"1","0","Rocco, Street Chef","March of the Machine: The Aftermath - Showcase","Near Mint","English","foil","EDH | Rocco","8102736a-220d-41d8-acea-79971d73db9a","2023-07-28 00:49:46.723414"
"2","0","Reckless Handling","March of the Machine: The Aftermath - Showcase","Near Mint","English","foil","","428f43d7-8979-466a-be73-8e073b0afdd1","2023-05-29 02:00:14.260916"
"1","0","Angelic Renewal","Ultimate Masters","Near Mint","English","foil","EDH | Tameshi","a03fc1f1-31f6-4e52-87d0-e3d18ea60d3b","2023-06-01 21:58:07.639506"
"1","1","Servo Schematic","The Brothers' War Commander","Near Mint","English","","BIN","723b5b4d-120c-4396-8e7c-ed62302f463d","2025-03-16 02:07:46.301628"
"1","1","Cosmic Rebirth","March of the Machine: The Aftermath - Showcase","Near Mint","English","foil","","896a7953-c8af-4a08-b31b-33fe65c14a2c","2025-02-15 03:11:51.984359"
"1","1","Spire of Industry","Aether Revolt","Near Mint","English","","BIN","8331724d-6fab-454a-b06c-b06e499fa552","2025-03-07 03:52:45.823066"
"1","0","Overgrown Farmland","Innistrad: Double Feature","Near Mint","English","","EDH | Karador","0c341a10-392e-4d99-99e9-b0fb18098489","2022-03-22 17:10:13.878199"
"4","4","Akoum Battlesinger","Worldwake","Good (Lightly Played)","English","","BIN","031950b6-110f-4e20-b31b-afe5ffdd6086","2025-03-07 03:51:39.594344"
"3","3","Akrasan Squire","Shards of Alara","Near Mint","English","","BIN","59fdc045-b938-4321-aec3-51685cbbaa52","2025-03-07 03:51:39.594344"
"1","0","Lazotep Plating","War of the Spark","Near Mint","English","","","f03b5405-6016-405b-a504-a454731b9276","2024-05-28 22:45:49.090786"
"1","0","Living Death","Masters 25","Near Mint","English","","EDH | Karador","8e2be583-2fa4-4ffe-9d89-c48a43d78a4e","2020-03-21 19:31:48.770097"
"1","1","Hired Hexblade","Adventures in the Forgotten Realms","Near Mint","English","foil","BIN","c23cbf01-90d0-4962-92d5-5e1566e8ef4b","2025-03-07 03:51:39.594344"
"1","0","Boros Charm","Masters 25","Near Mint","English","","EDH | AkAx","a6e601a7-c542-4843-98c6-e0a38aaf6cab","2022-01-04 21:03:32.605414"
"3","3","Beckon Apparition","Eventide","Near Mint","English","","BIN","3bae1a3b-881b-4b10-ac5f-822c809edc36","2025-03-07 03:51:39.594344"
"5","5","Blink of an Eye","Dominaria","Near Mint","English","","BIN","ab830392-4d7e-4b45-93cf-35ed1e935228","2025-03-07 03:51:39.594344"
"3","3","Cartouche of Zeal","Amonkhet","Near Mint","English","","BIN","8d09b2d9-b944-480b-93f9-76fc9bc319ce","2025-03-07 03:51:39.594344"
"4","4","Coiling Oracle","Dissension","Near Mint","English","","BIN","55a6ba2a-b372-4b15-9a1e-09b41316eab7","2025-03-07 03:51:39.594344"
"1","1","Dead Weight","Innistrad","Near Mint","English","","BIN","7933987e-7b8c-4d5a-804a-708d6bb6d231","2025-03-07 03:51:39.594344"
"1","1","Deadeye Quartermaster","Ixalan","Near Mint","English","","BIN","5ba70d58-69fd-4675-85d2-90bc2595c01c","2025-03-07 03:52:25.198621"
"1","0","Form of the Dragon","From the Vault: Dragons","Near Mint","English","foil","Collection","14b37758-68cc-42a3-a19c-3fbca745250a","2018-06-24 15:48:56.888669"
"1","1","Ghitu Lavarunner","Dominaria","Near Mint","English","","BIN","c448ba82-a502-459f-9ebc-fc9e85674e6c","2025-03-07 03:51:39.594344"
"1","0","Glissa, the Traitor","Prerelease Events","Near Mint","English","foil","Collection","9e293b2d-5eae-43c3-bb1f-4c0ed2b0bd21","2024-03-10 20:11:21.255242"
"1","1","Greater Sandwurm","Amonkhet","Near Mint","English","","BIN","6411d177-45fd-4193-8414-0f7e7846d2b9","2025-03-07 03:51:39.594344"
"1","1","Harsh Scrutiny","Kaladesh","Near Mint","English","","BIN","fe68b484-cc8d-4a0b-94c2-1fec9090dfcd","2025-03-07 03:51:39.594344"
"1","0","Izzet Boilerworks","Guildpact","Near Mint","English","","EDH | Howler","666f455e-3a3d-475d-b67a-a1fdd74820eb","2025-03-15 22:34:57.033331"
"1","1","Kozilek's Channeler","Battle for Zendikar","Near Mint","English","","BIN","c550d179-32ec-4ad8-91c2-d79320a21cba","2025-03-07 03:51:39.594344"
"1","1","Longtusk Cub","Kaladesh","Near Mint","English","","BIN","c4de778a-4419-49a5-9dcf-5d0095c873fa","2025-03-07 03:51:39.594344"
"1","0","Ingenious Artillerist","Commander Legends: Battle for Baldur's Gate","Near Mint","English","foil","EDH | Rocco","1d8dd6c3-3699-4dd1-a019-fdb569eaf722","2023-12-05 23:37:11.713090"
"1","1","Marionette Master","Kaladesh","Near Mint","English","","BIN","358a87a3-c76e-4c7d-ac84-464894ed9a31","2025-01-24 02:59:29.894641"
"1","1","March of the Machines","Archenemy","Near Mint","English","","BIN","3245f858-b5c3-42dd-8ec2-3f775ad9e1ec","2025-03-07 03:52:45.823066"
"1","0","Trophy Mage","Magic Game Day Cards","Near Mint","English","","","317ffc8a-4b6e-4ff7-b049-7494cb41e448","2024-07-05 20:35:37.136255"
"1","1","The Reality Chip","Kamigawa: Neon Dynasty - Showcase","Near Mint","English","foil","","b8fb5ee3-97af-40c1-a8de-a2a62afd418d","2024-10-20 21:34:22.204417"
"1","0","Nihil Spellbomb","Masters 25","Near Mint","English","foil","EDH | AkAx","e5892a23-efae-4731-9b8f-41c87960fe93","2024-04-03 02:26:14.263927"
"1","0","Reckless Fireweaver","Kaladesh","Near Mint","English","","EDH | Rocco","63ffac51-62c4-4170-85b3-a43d7cfae7d7","2023-07-28 00:53:36.348469"
"1","0","Massacre Girl, Known Killer","Murders at Karlov Manor","Near Mint","English","","EDH | Butch","cb1c8800-9d33-485c-b776-042003b9ea92","2025-02-01 19:37:10.339971"
"1","0","Persistent Constrictor","Duskmourn: House of Horror Commander","Near Mint","English","","EDH | Butch","0a25d478-84fd-4e4b-abb7-f5f6becf6eb0","2025-02-01 19:37:18.403015"
"1","0","City of Brass","Modern Event Deck 2014","Near Mint","English","","Cube | bgc1 | 08-Nonbasics","2d120ddb-73e7-4dbc-b48c-4a6c74f331c3","2025-02-01 20:34:07.639234"
"1","1","Flamekin Village","Commander 2014","Near Mint","English","","BIN","88d589b9-2da2-4323-ae9d-086a6d5ab2bf","2025-03-15 22:27:20.039027"
"1","0","Endurance","Modern Horizons 2 Borderless","Near Mint","English","","EDH | Karador,Signed","1fc6d14a-1328-4032-ad9e-cd85cd365bd3","2025-02-24 17:43:07.385201"
"1","0","Mountain (#279)","Streets of New Capenna","Near Mint","English","foil","","2e97dadd-0849-4c18-9523-4775d09fca9a","2023-12-30 23:41:47.893841"
"3","3","Insect Token | Wolf Token","Commander Legends: Battle for Baldur's Gate","Near Mint","English","","BIN","3ca5cf3c-18f8-430a-a20f-2226d9cac387","2025-03-07 03:51:10.920599"
"1","1","Monk Idealist","Commander 2015","Near Mint","English","","BIN","00a9bcaf-47ea-406e-ac51-e68ba181214a","2025-03-07 03:52:25.198621"
"4","4","Monstrous Carabid","Alara Reborn","Near Mint","English","","BIN","b09e668d-02ca-4164-88ee-c7ea6c665975","2025-03-07 03:51:39.594344"
"4","0","Scalding Tarn","Zendikar","Good (Lightly Played)","English","","Modern | Dredge","327cf118-cc92-4073-85d0-94d2a0a6989a","2023-01-24 03:40:43.902585"
"1","0","Grave Titan","Duels of the Planeswalkers Game Promos","Good (Lightly Played)","English","foil","EDH | Karador,Signed","c6a86111-3556-43a0-b034-2bc9bd8c3230","2024-11-24 03:02:59.740931"
"1","0","Wurmcoil Engine","Prerelease Events","Near Mint","English","foil","EDH | AkAx,Signed","b9bdfa34-f608-40d4-b634-b260ad620f18","2021-12-21 04:11:53.310639"
"1","0","Etali, Primal Storm","Rivals of Ixalan","Near Mint","English","foil","Collection | Dinos","1d3d8bb4-0430-45bb-930d-5d6db6521945","2021-03-02 02:17:27.046739"
"1","0","Professional Face-Breaker","Streets of New Capenna","Near Mint","English","","","42acbf52-b137-44f0-a815-2817fe8d2da2","2024-12-29 20:15:59.878738"
"1","0","Aethersnipe","Lorwyn","Good (Lightly Played)","English","","EDH | EllieAlan","c44c623e-9ae1-495d-b72d-166f2ed4cf2c","2024-04-13 21:39:04.668808"
"1","0","Monster Manual","Commander Legends: Battle for Baldur's Gate","Near Mint","English","foil","EDH | EllieAlan","27223ee4-970a-438a-beff-a1b13b14aff4","2024-04-13 21:39:04.731538"
"1","0","Imposing Vantasaur","Ikoria: Lair of Behemoths","Near Mint","French","foil","EDH | EllieAlan","b6fa5feb-f5e9-4079-acc9-84e458044769","2024-04-13 21:39:04.842103"
"1","0","Topiary Panther","Murders at Karlov Manor","Near Mint","English","foil","EDH | EllieAlan","03d0365e-6dee-4236-a997-6761e3cde90d","2025-02-05 03:52:07.733654"
"1","0","Pemmin's Aura","Scourge","Good (Lightly Played)","English","","","9fb3e38b-086e-4fbc-b7b1-8564c18276d7","2025-03-02 20:55:15.883758"
"1","1","Luminate Primordial","Gatecrash","Near Mint","English","","BIN","b0747b12-c75a-4fdf-a881-f2383a23ccdd","2025-03-07 03:52:25.198621"
"1","0","Generous Ent","Lord of the Rings: Tales of Middle-earth","Near Mint","English","","Cube | bgc1 | 05-G","85d22d5d-3875-42ff-b51e-c6e21db201f5","2024-10-17 22:06:23.420932"
"1","1","Goma Fada Vanguard","Zendikar Rising","Near Mint","English","","BIN","ce83962b-445a-4b44-ad8a-fada2c0a15b8","2025-03-07 03:51:39.594344"
"2","2","Ravager's Mace","Zendikar Rising","Near Mint","English","","BIN","af484140-57d6-4505-9960-5e7b0306cc9b","2025-03-07 03:51:39.594344"
"1","1","Relic Axe","Zendikar Rising","Near Mint","English","","BIN","ca8705e3-0e44-45c9-bcdf-c24507b038fe","2025-03-07 03:51:39.594344"
"6","6","New Horizons","Ixalan","Near Mint","English","","BIN","15b12c75-1248-4c81-90cf-28e341a885cf","2025-03-07 03:51:39.594344"
"1","0","Sarkhan the Masterless (Alternate Art)","War of the Spark","Near Mint","Japanese","foil","Collection | WAR JP PWs","df04f130-e9ea-4f5f-82d0-63d3f74d8234","2021-03-02 17:20:50.042105"
"1","0","Ajani, the Greathearted (Alternate Art)","War of the Spark","Near Mint","Japanese","foil","Collection | WAR JP PWs","bee535c3-4ccd-4eb1-85e9-d28bf6dc0710","2021-03-02 17:20:37.126186"
"1","0","Davriel, Rogue Shadowmage (Alternate Art)","War of the Spark","Near Mint","Japanese","foil","Collection | WAR JP PWs","1ce03906-fef8-4636-945c-95b857cbeab0","2021-03-02 17:20:41.861380"
"1","1","Innocent Traveler","Innistrad: Crimson Vow - Showcase Fang Frame","Near Mint","English","","BIN","49691eb6-a6a4-4171-ae34-d43b44eb2ac6","2025-03-07 03:51:39.594344"
"3","3","One With the Wind","Ixalan","Near Mint","English","","BIN","2c00f8bf-0088-44ad-b40b-26a2951a2428","2025-03-07 03:51:39.594344"
"1","0","Reveillark","Modern Masters","Near Mint","English","","EDH | Karador","06a4d2e0-1410-41f4-8070-2b0144c71e1d","2019-06-15 15:31:55.130200"
"1","1","Perilous Voyage","Ixalan","Near Mint","English","","BIN","c9f6623e-2784-4bc9-9d8c-3eee9c78c350","2025-03-07 03:51:39.594344"
"1","0","Jeska's Will","Commander Legends","Near Mint","English","","","4e91d96d-cc69-439b-b876-a7d57039022c","2025-03-16 01:09:13.108590"
"1","0","Spire of Industry","Aether Revolt","Near Mint","English","","EDH | Howler","8331724d-6fab-454a-b06c-b06e499fa552","2025-03-15 22:42:40.526310"
"1","0","Spire of Industry","Aether Revolt","Near Mint","English","foil","EDH | AkAx","8331724d-6fab-454a-b06c-b06e499fa552","2023-10-19 01:01:55.905521"
"1","1","Kaya, Ghost Assassin","Secret Lair Drop Series","Near Mint","English","","BIN","67851439-26d6-422d-9bce-8c9c25ffc0c2","2025-02-04 22:24:21.580843"
"1","0","Lion Sash","Kamigawa: Neon Dynasty - Showcase","Near Mint","English","","Cube | sneo","308c8834-e06e-452a-b82e-cb2b8fe0c304","2023-01-25 22:41:07.584458"
"1","0","Secluded Courtyard","Kamigawa: Neon Dynasty","Near Mint","English","","Cube | sneo","0539b1a5-8704-476f-ba1f-2fe01190e157","2023-01-25 22:41:07.599840"
"1","0","Yawgmoth, Thran Physician","Dominaria Remastered - Borderless","Near Mint","English","","EDH | Karador","09ed98e1-898b-494b-a27d-7c1ab28cd9f1","2023-01-25 22:42:04.003397"
"1","0","Thousand-Faced Shadow","Kamigawa: Neon Dynasty - Showcase","Near Mint","English","","Cube | sneo","a48c2751-fd12-42f2-b8c1-eaf78c5e29eb","2023-01-25 22:43:24.017606"
"1","0","Lizard Blades","Kamigawa: Neon Dynasty - Showcase","Near Mint","English","","Cube | sneo","f0cadc1b-3434-4c38-b414-0f5ab4ca52a0","2023-01-25 22:43:24.037560"
"1","0","Invoke Despair","Kamigawa: Neon Dynasty","Near Mint","English","","Cube | sneo","35af9d5c-4449-4549-b549-c3ba4a67dee0","2023-01-25 22:43:24.056262"
"1","0","Hinata, Dawn-Crowned","Kamigawa: Neon Dynasty - Showcase","Near Mint","English","","Cube | sneo","4737d299-09ce-4012-b3e9-c93a09035d65","2023-01-25 22:43:24.078174"
"1","0","Weaver of Harmony","Kamigawa: Neon Dynasty","Near Mint","English","","Cube | sneo","d1682673-e947-44e2-b9c9-cbcb9a16892b","2023-01-25 22:43:24.118215"
"1","1","Shifting Ceratops","Core Set 2020","Near Mint","English","","BIN","8e318600-21af-4003-bcfa-be926cd24c5c","2025-03-07 03:52:25.198621"
"1","0","Arlinn, Voice of the Pack (Alternate Art)","War of the Spark","Near Mint","Japanese","foil","Collection | WAR JP PWs","43261927-7655-474b-ac61-dfef9e63f428","2021-03-03 03:38:04.754754"
"1","1","Rix Maadi Reveler","Ravnica Allegiance","Good (Lightly Played)","English","","BIN","c40396da-18e2-42ca-a78c-4838a38f68b8","2025-03-07 03:51:39.594344"
"1","0","Mind Stone","Dominaria Remastered - Retro Frame","Near Mint","English","foil","Signed","cb3d470d-e0f0-44c2-97f7-f31c02cdfbd3","2025-03-16 01:49:47.175703"
"1","0","Wild Growth","Dominaria Remastered - Retro Frame","Near Mint","English","foil","","c7246bde-9298-4386-ac4f-1d79f7f0cca5","2023-12-05 22:32:33.516122"
"1","0","Enlightened Tutor","Dominaria Remastered - Retro Frame","Near Mint","English","foil","EDH | Tameshi","8ecea08d-7d65-4d61-a34d-2f8976af5f5e","2024-07-18 22:17:28.088724"
"3","0","Kitsune Ace","Kamigawa: Neon Dynasty","Near Mint","English","","Cube | sneo","ef1d446a-8607-45b8-a01f-dad17bab76e7","2023-01-25 23:03:19.330223"
"1","1","Futurist Sentinel","Kamigawa: Neon Dynasty","Near Mint","English","","BIN","8672f626-3e46-447b-841f-6a04cd380653","2025-03-07 03:49:55.294349"
"2","2","Wood Elves","Commander 2015","Near Mint","English","","BIN","5edc7881-f947-4870-a3ac-c013d0f275f3","2025-03-07 03:52:25.198621"
"1","0","Stitcher's Supplier","Core Set 2019","Near Mint","English","","EDH | Karador","2b737126-50b5-4678-91bf-197b64086fe4","2020-12-15 03:19:10.859269"
"1","0","Grave Titan","Secret Lair Drop Series","Near Mint","English","","Cube | bgc1 | 03-B","8f1a018f-ce08-428b-9be2-937204dd25c2","2024-11-24 03:03:03.931556"
"1","0","Inferno Titan","Secret Lair Drop Series","Near Mint","English","","","be293048-1df6-4df4-869c-b3b19534b35b","2023-08-26 03:03:59.044871"
"1","0","Ichor Wellspring","Mirrodin Besieged","Near Mint","English","foil","EDH | AkAx,Signed","2d1ea522-a0f6-45a8-8985-6fcca95d60cc","2024-02-25 21:38:13.095420"
"1","0","Forgotten Cave","Onslaught","Near Mint","English","","Cube | bgc1 | 04-R","c5202668-a32c-4473-b272-e86264992576","2024-10-10 23:12:15.749439"
"3","3","Repulse","Conspiracy: Take the Crown","Near Mint","English","","BIN","4dc7777b-6e9e-4889-91da-fb5283340fa1","2025-03-07 03:51:39.594344"
"1","1","Restoration Specialist","Aether Revolt","Near Mint","English","","BIN","63682db3-1a56-4d8e-a9b7-04465a577518","2025-03-07 03:51:39.594344"
"1","0","War Room","Commander Legends","Near Mint","English","","","48d6ce7c-5dc8-449b-acbd-db259ae687ed","2025-03-16 02:13:31.699168"
"1","1","Lotus-Eye Mystics","Ultimate Masters","Near Mint","English","foil","BIN","c3170852-60a9-46bc-8183-b1a65fc3b82b","2025-03-07 03:52:25.198621"
"1","0","Earthshaker Dreadmaw","The Lost Caverns of Ixalan","Near Mint","English","foil","","cdcbba6f-aa54-44be-a3b0-f712fa8bd5ad","2024-03-29 00:35:00.485640"
"1","1","Itzquinth, Firstborn of Gishath","The Lost Caverns of Ixalan","Near Mint","English","foil","","7112c366-b36a-4bc8-aa64-6bad16bebc39","2025-01-20 23:57:43.801154"
"1","1","Rishkar's Expertise","Aether Revolt","Near Mint","Japanese","foil","","5d58ba68-05c1-4cd8-a93d-321cd1739ccb","2025-03-02 20:52:49.802394"
"1","0","Ophiomancer","Commander 2013","Good (Lightly Played)","English","","EDH | Butch,Signed","66d80dd1-b944-4cb2-8578-b4dbcabbbc1e","2024-11-14 02:37:31.908786"
"1","0","Smothering Tithe","Ravnica Allegiance","Near Mint","Japanese","","EDH | Tameshi","7af082fa-86a3-4f7b-966d-2be1f1d0c0bc","2023-03-25 23:43:59.548038"
"1","0","Swooping Pteranodon","Jurassic World Collection","Near Mint","English","foil","Collection | Jurassic Park","43aa5d97-7483-4f90-998d-70732a7ae1dc","2024-02-27 02:53:11.333006"
"1","0","Meticulous Archive","Murders at Karlov Manor","Near Mint","English","foil","EDH | Tameshi","652236c2-84ef-45e4-b5fc-ed6170bc3d6c","2024-03-02 22:58:56.562426"
"1","0","Credit Voucher","Mercadian Masques","Played","English","foil","EDH | Tameshi","1ab65242-17ad-4c22-9c70-aac8076d1b4c","2024-03-02 22:58:22.081035"
"1","1","Akawalli, the Seething Tower","The Lost Caverns of Ixalan - Showcase","Near Mint","English","foil","BIN","88e9dbe6-5685-480d-b0d7-828a7058fb22","2025-03-07 03:51:39.594344"
"8","8","Spirit Token","Conspiracy","Near Mint","English","","BIN","595c4665-48e1-492e-9e62-a49ec443e161","2025-03-07 03:51:39.594344"
"1","0","Plains (#293)","Kamigawa: Neon Dynasty","Near Mint","German","foil","EDH | Tameshi","ca8fb179-7e81-4b20-8b81-ea1aa97afe58","2023-06-01 21:59:35.286631"
"1","0","Woodland Cemetery","Innistrad","Near Mint","English","","EDH | Karador","67139101-ec5e-434b-be3a-21338cc33840","2019-06-15 15:32:50.655317"
"1","0","Fetid Pools","Amonkhet","Near Mint","English","","Cube | bgc1 | 08-Nonbasics","ae703d94-6f1f-463b-ab25-1b3f462e7e78","2024-10-10 23:11:51.042019"
"1","0","Rise and Shine","Modern Horizons 2","Near Mint","English","","","2e658cb2-11c5-4b59-a91c-f26ac28e82af","2024-07-05 20:35:37.136255"
"1","0","Chrome Host Seedshark","March of the Machine","Near Mint","English","foil","EDH | Tameshi","febaaeae-5c0d-45fa-8169-b27b4996f18e","2024-02-15 02:42:49.280982"
"1","0","Bennie Bracks, Zoologist","Streets of New Capenna Commander","Near Mint","English","","EDH | Rocco,Signed","3b21be33-c0f0-4ba9-b283-e498a71323c1","2024-02-25 21:34:34.179985"
"1","0","Voldaren Epicure","Innistrad: Crimson Vow","Near Mint","English","","Cube | bgc1 | 04-R","ae154e64-f626-45fb-bd52-840c1c27b2d3","2024-10-10 23:17:42.043159"
"1","0","Courser of Kruphix","Born of the Gods","Near Mint","English","","Signed","da5a807f-58e8-4d92-a61c-47bb9b28977f","2023-03-26 23:11:40.866062"
"1","0","Frost Titan","Duels of the Planeswalkers Game Promos","Near Mint","English","foil","Collection","0640c256-ef99-476a-95e1-31368472647e","2022-07-20 02:06:09.630321"
"1","1","Tasigur, the Golden Fang","Fate Reforged","Near Mint","English","","BIN","81f93ac5-d149-4ccf-8b99-13ecf3190c29","2025-03-07 03:52:25.198621"
"1","0","Birgi, God of Storytelling // Harnfel, Horn of Bounty","Kaldheim - Showcase","Near Mint","English","foil","EDH | Rocco","54dccbc0-528c-4e99-a6db-f2373978fe5f","2024-12-04 00:50:57.532131"
"1","0","Assassin's Trophy","Secret Lair Drop Series","Near Mint","English","","EDH | Karador","d00efb55-a859-408c-b727-6914584c06d2","2021-04-18 03:23:54.605402"
"1","0","Eagles of the North","Lord of the Rings: Tales of Middle-earth","Near Mint","English","foil","EDH | EllieAlan","c1bd3bc0-77bd-40fe-b4f1-835a04cb6e41","2025-03-02 20:51:43.543473"
"1","1","Alabaster Host Intercessor","March of the Machine","Near Mint","English","foil","BIN","165357cc-ec74-490f-aec3-7048bb43c8f9","2025-03-07 03:51:39.594344"
"1","0","Lunar Hatchling","Doctor Who","Near Mint","English","foil","EDH | EllieAlan","2cd60763-8954-4502-99ef-f4f38bf7671b","2024-04-13 21:38:35.672186"
"1","0","Sword of Forge and Frontier","Phyrexia: All Will Be One","Near Mint","English","","","2daa3621-8a2c-4b4b-87ac-f981192a0567","2024-01-07 20:03:18.671289"
"1","0","Invasion of Kaldheim","March of the Machine","Near Mint","English","foil","EDH | Rocco","f7cedd62-efc8-464d-8387-220bb55e07e9","2023-10-27 17:55:44.655703"
"1","0","Cast Out","Amonkhet","Near Mint","English","","Cube | bgc1 | 01-W","76ff0dd0-489e-4773-93f6-b77fc3b8ef2e","2025-03-16 02:06:33.563602"
"1","1","Disdainful Stroke","Guilds of Ravnica","Near Mint","English","","BIN","0193dfa3-8409-44be-b4be-6c3cad42d4a4","2025-03-07 03:51:39.594344"
"1","1","Dawn to Dusk","Commander 2015","Near Mint","English","","BIN","605ad738-1f3e-47c2-b6cb-f79d2f6c16f1","2025-03-07 03:51:39.594344"
"1","1","Honor of the Pure","Modern Event Deck 2014","Near Mint","English","","BIN","cf643b03-d388-451b-933a-28f3c4087877","2025-03-07 03:52:45.823066"
"3","3","Daybreak Chaplain","Core Set 2020","Near Mint","English","","BIN","0ce89a0b-d0e4-4c71-b131-0d3b0b76bc3b","2025-03-07 03:51:39.594344"
"1","1","Decommission","Aether Revolt","Near Mint","English","","BIN","1cca66e9-be21-4fc7-8951-cd99e9b213dc","2025-03-07 03:51:39.594344"
"1","1","Devouring Light","Magic 2015 Core Set","Near Mint","English","","BIN","217c8b3d-4675-49ad-8d86-8a5d6ca9cae5","2025-03-07 03:51:39.594344"
"1","1","Dismantling Blow","Commander 2018","Near Mint","English","","BIN","6dd93caf-3755-4e87-b399-22b93365ca8f","2025-03-07 03:51:39.594344"
"1","1","Dwarven Priest","Core Set 2019","Near Mint","English","","BIN","7e1e0f13-35a6-4a5e-8666-47bc5c275be7","2025-03-07 03:51:39.594344"
"1","1","Bounding Krasis","Magic Origins","Near Mint","English","","BIN","660befe5-9c98-4aa3-9ca7-e643eaf91490","2025-03-07 03:51:39.594344"
"1","1","Inescapable Blaze","Guilds of Ravnica","Near Mint","English","","BIN","46651efd-0906-4350-a1b8-52e3f8aff45d","2025-03-07 03:51:39.594344"
"1","1","Lightning Strike","Core Set 2019","Near Mint","English","","BIN","084b7337-c06f-4cbf-8fc0-0b20c221f1dc","2025-03-07 03:51:39.594344"
"1","1","Makindi Sliderunner","Battle for Zendikar","Near Mint","English","","BIN","9e6da400-ee4e-44d1-887d-1e2fb59b9322","2025-03-07 03:51:39.594344"
"1","1","Nettle Drone","Battle for Zendikar","Near Mint","English","","BIN","e633833a-cc4b-4c8c-a0d3-cd263e09df81","2025-03-07 03:51:39.594344"
"1","1","Rolling Thunder","Battle for Zendikar","Near Mint","English","","BIN","5dd980d5-c6d1-4834-977b-22e80f0b449d","2025-03-07 03:51:39.594344"
"2","2","Rubblebelt Boar","Guilds of Ravnica","Near Mint","English","","BIN","196bf114-e135-43f3-83d5-cb08ca766881","2025-03-07 03:51:39.594344"
"1","1","Shivan Fire","Dominaria","Near Mint","English","","BIN","21b9d339-99ed-4923-8f56-be37f29a0bfa","2025-03-07 03:51:39.594344"
"3","3","Sure Strike","Core Set 2019","Near Mint","English","","BIN","1e618ab0-b092-499c-b5e9-d374433ff19c","2025-03-07 03:51:39.594344"
"1","1","Tectonic Rift","Core Set 2019","Near Mint","English","","BIN","31b4db74-0c34-442f-a3f9-38194a75ef7b","2025-03-07 03:51:39.594344"
"1","1","Thunderous Wrath","Avacyn Restored","Near Mint","English","","BIN","daa39826-7f89-41cb-a7fe-7f7be817d5cd","2025-03-07 03:51:39.594344"
"1","1","Commune with Dinosaurs","Ixalan","Near Mint","English","","BIN","de4b9a07-6631-477a-8c77-3b04f211439d","2025-03-07 03:51:39.594344"
"3","3","Viashino Pyromancer","Core Set 2019","Near Mint","English","","BIN","a82fdb2f-b199-44ff-9615-90fc074cb8b0","2025-03-07 03:51:39.594344"
"1","1","Commencement of Festivities","Kaladesh","Near Mint","English","","BIN","f1724602-2ae1-40a4-aeb0-51a483a6948c","2025-03-07 03:51:39.594344"
"1","1","Declare Dominance","Core Set 2019","Near Mint","English","","BIN","78271f34-f62e-4771-b430-b121097b8fb6","2025-03-07 03:51:39.594344"
"1","1","Devkarin Dissident","Guilds of Ravnica","Near Mint","English","","BIN","490cd287-5f09-442f-9150-4a6ac2cf3e2e","2025-03-07 03:51:39.594344"
"2","2","Rhox Oracle","Core Set 2019","Near Mint","English","","BIN","281f04d5-af45-4494-ac11-a605d3a06643","2025-03-07 03:51:39.594344"
"2","2","Root Snare","Core Set 2019","Near Mint","English","","BIN","76b01fd2-139a-47ed-a8e3-021aa9c91b02","2025-03-07 03:51:39.594344"
"1","1","Sage of Shaila's Claim","Kaladesh","Near Mint","English","","BIN","0987d29a-2043-4341-89d5-5e34bb6507e2","2025-03-07 03:51:39.594344"
"1","1","Reclamation Sage","Core Set 2019","Near Mint","English","","BIN","2951026c-69bb-4ffc-a24f-b0795a12aa79","2025-03-07 03:52:25.198621"
"1","1","Scythe Leopard","Battle for Zendikar","Near Mint","English","","BIN","89ef0054-a290-4c41-846d-12f8119c52ae","2025-03-07 03:51:39.594344"
"1","1","Snake Umbra","Commander 2018","Near Mint","English","","BIN","ef824937-44ed-4dd9-a78c-1396c6642770","2025-03-07 03:52:25.198621"
"1","0","Vessel of Nascency","Shadows over Innistrad","Near Mint","English","","Cube | bgc1 | 05-G","89533790-38c2-4b53-90fa-8abf8c1a6abb","2024-10-10 23:17:28.960630"
"1","1","Vigilant Baloth","Core Set 2019","Near Mint","English","","BIN","34ad8e5d-0c26-4588-8161-b22197715d63","2025-03-07 03:51:39.594344"
"1","1","Hypothesizzle","Guilds of Ravnica","Near Mint","English","","BIN","d5690329-feb8-49c0-8f59-ee13782e8d3b","2025-03-07 03:51:39.594344"
"1","1","Oreskos Swiftclaw","Core Set 2019","Near Mint","English","","BIN","0ea1dfb4-1983-41f7-956c-f2a1d1489b54","2025-03-07 03:51:39.594344"
"1","1","Pegasus Courser","Core Set 2019","Near Mint","English","","BIN","0c04eafe-8be0-416e-a5b9-486a3b3b5984","2025-03-07 03:51:39.594344"
"1","1","Sage's Reverie","Commander 2018","Near Mint","English","","BIN","d20c3b2d-299c-4423-9091-6f8c0c1c0661","2025-03-07 03:52:45.823066"
"1","1","Sift Through Sands","Duel Decks: Mind vs. Might","Near Mint","English","","BIN","c1fd8a97-1c97-45fe-8c06-013a1f528919","2025-03-07 03:51:39.594344"
"1","1","Mind Rake","Modern Horizons","Near Mint","English","","BIN","682ccb0a-5e73-462e-a035-87d4dac59779","2025-03-07 03:51:39.594344"
"1","1","Morkrut Banshee","Commander 2014","Near Mint","English","","BIN","d951be27-d0ad-42ff-9a20-d41a32500da5","2025-03-07 03:51:39.594344"
"2","2","Whipflare","New Phyrexia","Near Mint","English","","BIN","5a7e6c10-d066-4967-932f-5b6c8d74568b","2025-03-07 03:52:25.198621"
"1","0","Survival of the Fittest","Exodus","Near Mint","English","","EDH | Karador,Signed","c060c178-3c0e-493f-b6f0-ead5b1d6f191","2022-01-04 22:52:12.326975"
"1","0","Lightning Rager Token | Lightning Rager Token]","Commander 2015","Near Mint","English","","Tokens","cde2b3db-d71b-401f-852c-81c39d585a16","2023-09-10 20:14:07.673661"
"1","0","Cranial Plating","Fifth Dawn","Near Mint","English","","EDH | AkAx","90ea95d0-9f95-462b-a080-22a5da7b2e97","2022-01-11 01:47:28.177546"
"1","0","Shipwreck Marsh","Innistrad: Midnight Hunt","Near Mint","English","","","7579824a-6e46-442b-95ff-03fea4adbba6","2024-07-05 20:35:37.136255"
"1","1","Golgari Charm","Return to Ravnica","Near Mint","English","","","48fce388-eefc-4234-8dd9-1260c1ba97eb","2022-02-10 04:23:57.015869"
"1","0","Stormcarved Coast","Innistrad: Crimson Vow","Near Mint","English","","EDH | Howler","299f1dee-b3d7-472b-aa0b-2f9b46a96da5","2025-03-15 22:42:51.301789"
"1","1","Old Rutstein","Innistrad: Crimson Vow - Showcase","Near Mint","English","foil","BIN","90930e16-4a77-4ce6-bab4-e099184d1b54","2025-03-07 03:52:25.198621"
"1","0","Life from the Loam","Secret Lair Drop Series","Near Mint","English","","EDH | Karador","899ed197-e434-4f01-a71f-053ae3820d6c","2020-02-09 20:30:20.272085"
"2","2","Return to Nature","War of the Spark","Near Mint","English","","BIN","085e3129-591b-46ec-ac8b-cff428927c01","2025-03-07 03:51:39.594344"
"4","4","Viridian Emissary","Mirrodin Besieged","Near Mint","English","","BIN","129fa334-f561-4fbd-9f51-2fa044b674e1","2025-03-07 03:51:39.594344"
"1","0","Talisman of Indulgence","Mirrodin","Near Mint","English","","EDH | AkAx","e14011b3-56ce-4b93-833f-d8403809159c","2021-09-05 01:52:39.876534"
"1","1","Big Game Hunter","Planar Chaos","Good (Lightly Played)","English","","BIN","a61f38a9-6f15-4186-a602-78cdb00f2d75","2025-03-07 03:52:25.198621"
"1","1","Swift Reckoning","Ultimate Masters","Near Mint","English","","BIN","820096b5-0d64-47a0-88a4-17d3f24cb165","2025-03-07 03:51:39.594344"
"2","0","Conflagrate","Time Spiral ""Timeshifted""","Good (Lightly Played)","English","","Modern | Dredge","efc5f7fb-b7a6-433d-a0bb-240c7aa0a720","2025-02-04 22:22:18.814151"
"5","5","Shivan Fire","Dominaria","Near Mint","English","","BIN","21b9d339-99ed-4923-8f56-be37f29a0bfa","2025-03-07 03:51:39.594344"
"2","2","Groundskeeper","Ultimate Masters","Near Mint","English","","BIN","9625498e-82e5-49e2-a7fa-f4ea0bb838db","2025-03-07 03:51:39.594344"
"1","0","Grist, the Hunger Tide","Modern Horizons 2 Borderless","Near Mint","English","","EDH | Karador,Signed","808a3770-057a-4985-ba5c-870d7b1cd527","2024-02-25 21:39:03.214997"
"1","1","Exotic Orchard","Commander 2016","Near Mint","English","","BIN","a95134ee-68d3-44d8-9098-403f100dc73b","2025-03-07 03:52:25.198621"
"1","0","Purphoros, God of the Forge","Theros","Near Mint","English","","Signed","7bf6baf2-d20b-467d-8929-abefcf7dfa99","2025-03-16 01:34:48.618181"
"1","0","Reclamation Sage","Magic Game Day Cards","Near Mint","English","","","cac912bb-f18a-4501-a5c0-aed8cb0a9e43","2024-01-07 20:01:38.615688"
"1","0","Path to Exile","Friday Night Magic","Near Mint","English","foil","","ccd50bd0-95a3-4480-8afb-ada8c4e806c9","2024-07-02 01:49:07.327869"
"1","0","Elemental Bond","Magic Origins","Near Mint","English","","","554a8769-c840-4c9d-9959-b075c174457b","2018-11-30 19:04:38.805619"
"1","0","Deathrite Shaman","Return to Ravnica","Played","English","","EDH | Karador,Signed","70496f16-c4c0-4c03-beef-454eb4824cd1","2018-12-12 14:39:23.461001"
"1","1","Trapjaw Tyrant","Rivals of Ixalan","Near Mint","English","","BIN","b2c280c8-3471-4ae1-be96-0f392b095ce2","2025-02-09 03:20:03.416248"
"1","0","Faithless Looting","Dark Ascension","Good (Lightly Played)","Japanese","","EDH | Howler","a1b0da17-d595-441d-811c-a2d28d2bb232","2025-03-16 01:05:08.974078"
"1","0","Gishath, Sun's Avatar","Ixalan","Near Mint","English","foil","Collection | Dinos","7335e500-342d-476d-975c-817512e6e3d6","2025-02-09 03:32:25.229186"
"1","0","Altar of Dementia","Conspiracy","Near Mint","English","","EDH | Karador","c16b08f8-9c26-450d-ad97-b7734e4f5bc4","2019-01-07 22:34:14.491411"
"1","1","Izzet Signet","Guildpact","Near Mint","English","","","f823be95-bef4-4e86-a924-239be62394bf","2024-06-18 22:03:32.658484"
"1","1","Ravenous Chupacabra","Masters 25","Near Mint","English","","BIN","f4846664-4463-4521-bb3f-3a4d00fa418d","2025-03-07 03:52:25.198621"
"1","1","Voyaging Satyr","Conspiracy: Take the Crown","Near Mint","English","","BIN","180773da-dadc-414a-92c6-f4e13c753718","2025-03-07 03:51:39.594344"
"1","0","Dispeller's Capsule","Commander 2016","Near Mint","English","","EDH | AkAx","0710e943-8882-4a31-973b-1bb07d545af8","2021-06-13 21:31:30.607135"
"1","0","Kodama's Reach","Champions of Kamigawa","Near Mint","English","","","85d207ac-0680-47ef-85d9-4323c1321d6f","2023-06-03 22:28:37.927456"
"1","0","Shivan Reef","Magic 2015 Core Set","Good (Lightly Played)","English","","","d07ded43-682b-417e-bcb4-0ef5186fd9ad","2024-05-28 22:53:37.723637"
"1","1","Turnabout","Urza's Saga","Near Mint","Japanese","","BIN","52000066-a8cd-418f-98d2-30354b959b32","2023-04-18 03:07:02.355539"
"1","0","Skullclamp","Commander","Near Mint","English","","Cube | bgc1 | 07-Colorless","ba8e9c6f-287d-496e-a12d-696d6d4ffacf","2024-10-10 23:16:20.041831"
"1","0","Steel Hellkite","Launch Parties","Near Mint","English","foil","EDH | AkAx","b268cd3b-af91-4c22-ac73-347babb69200","2021-06-13 21:38:10.540879"
"1","0","Everflowing Chalice","Friday Night Magic","Near Mint","English","foil","EDH | Butch","16c19ce8-b295-4043-863b-f781147f9e32","2025-03-16 17:17:23.390408"
"1","0","Fauna Shaman","Magic 2011","Near Mint","English","","EDH | Karador,Signed","c685e4c3-eb7b-4b9e-9676-395d69d80974","2024-02-25 21:37:02.218449"
"1","0","Karador, Ghost Chieftain","Judge Gift Program","Near Mint","English","foil","EDH | Karador","02fccffa-a83b-4ca9-897b-474e333c90f1","2018-11-30 19:04:51.599008"
"1","0","Necromancy","Visions","Near Mint","English","","EDH | Karador","311a6257-dd77-4bb6-81cb-c8e7862350f3","2018-11-30 19:04:51.599008"
"1","0","Selvala, Heart of the Wilds","Conspiracy: Take the Crown","Near Mint","English","","EDH | EllieAlan","99a3e619-fbdb-406c-9f21-eb582cb878c0","2024-03-25 01:58:47.405867"
"1","0","Gruul Turf","Guildpact","Near Mint","English","","","550b70e0-ebd5-49de-b62c-5224b8bf8e98","2023-10-27 17:56:09.832375"
"1","1","Forest (#246)","Zendikar","Near Mint","English","","","f0ca4b9f-4ee6-4ad8-a95f-326ada9de3cd","2023-12-05 22:27:19.125931"
"1","0","Grisly Salvage","Friday Night Magic","Near Mint","English","foil","EDH | Karador","03240882-c797-458d-b92d-8d8f0d9952dc","2018-11-30 19:04:51.599008"
"1","0","Greater Good","Judge Gift Program","Near Mint","English","foil","EDH | Karador","96bd83fe-ae97-4c5c-9e1e-3c48f624b24b","2023-08-06 02:54:24.345616"
"1","1","Forest (#271) (Full Art)","Battle for Zendikar","Near Mint","English","","","491b26e4-1d52-457c-a00c-bdee127f8a97","2023-12-05 22:27:32.975604"
"1","1","Forest (#273) (Full Art)","Battle for Zendikar","Near Mint","English","","","3f7f206a-7b5e-4fd5-8c9e-d665ac3f7dea","2023-12-05 22:27:42.633758"
"1","1","Forest (#274) (Full Art)","Battle for Zendikar","Near Mint","English","","","8c70181e-7b28-46b1-a51a-ba99e58e8566","2023-12-05 22:27:47.179229"
"1","1","Canopy Vista","Battle for Zendikar","Near Mint","English","","BIN","a3262c7f-4fdf-4648-ba59-9279c75d222d","2025-03-07 03:52:45.823066"
"1","1","Sword of the Meek","Future Sight","Near Mint","English","","BIN","e9f13705-6ede-4c29-a2b4-a082bf69e9c5","2025-03-07 03:52:45.823066"
"1","1","Thopter Foundry","Commander 2016","Near Mint","English","","BIN","a824a790-ab8d-4733-9ed6-1a24676fb8f3","2025-03-07 03:52:45.823066"
"1","0","Talisman of Dominance","Mirrodin","Near Mint","English","","","991037a2-fea2-49f5-8ace-ebbf9f678cff","2024-07-05 20:35:37.136255"
"1","0","Journey to Eternity","Rivals of Ixalan","Near Mint","English","foil","","d81c4b3f-81c2-403b-8a5d-c9415f73a1f9","2023-04-26 16:47:54.307539"
"1","0","Sulfur Falls","Innistrad","Near Mint","English","","EDH | Howler","4968b65d-50e5-4d7e-b78b-cdada1cbf7a7","2025-03-15 22:43:02.237856"
"1","0","Sacred Foundry","Gatecrash","Near Mint","English","","EDH | Rocco","0a26d900-c652-4f9c-8681-a35c5f8b1937","2024-02-03 04:10:14.563734"
"1","0","Temple Garden","Guilds of Ravnica","Near Mint","English","","EDH | Rocco","2b9b0195-beda-403e-bc27-7ae3be9f318c","2024-02-03 04:10:27.641934"
"1","0","Ghalta, Primal Hunger","Store Championship Promos","Near Mint","English","foil","","c11a7c2e-75e8-432e-84c4-df63e0df0981","2018-12-11 19:43:27.587249"
"1","0","Birds of Paradise","Media Inserts","Near Mint","English","foil","EDH | Karador","df87b2e4-033c-447f-9b52-b67de3e6fe41","2022-02-26 20:48:07.790498"
"1","0","Skyshroud Claim","Nemesis","Played","English","","","cf3e09ff-c917-4c0c-8ddb-e152b4b0b82c","2024-08-21 00:56:29.459794"
"1","0","Krosan Grip","Friday Night Magic","Good (Lightly Played)","English","foil","Signed","aec48573-394a-4069-9500-671b188d100a","2025-01-29 02:33:00.632788"
"1","0","Windswept Heath","Khans of Tarkir","Near Mint","English","","EDH | Karador","e7b28650-cddc-4878-b1d1-b5a764f4df49","2022-04-11 02:58:00.264699"
"1","0","Damnation","Judge Gift Program","Near Mint","English","foil","Collection","d738f452-711f-47a2-9979-26bff7055737","2024-08-20 21:33:17.759641"
"1","1","Plains (#232)","Zendikar","Near Mint","English","","","36446ad6-8bf0-4e4e-bbab-379c22dbf4f6","2023-12-05 22:29:23.650319"
"1","0","Reanimate","Archenemy","Near Mint","English","","EDH | Karador","bee3dad4-88d8-424c-b3f8-d089b6891fb8","2021-09-05 01:59:50.625385"
"1","0","Ramunap Excavator","Miscellaneous Promos","Near Mint","English","foil","Cube | bgc1 | 05-G","e62ff2bf-323d-4252-ba7b-27bcdf805093","2024-10-20 03:55:21.013537"
"1","1","Rampaging Ferocidon","Ixalan","Near Mint","English","","BIN","39d3c658-1927-4af3-9077-88c4a669c730","2025-02-09 03:34:57.237518"
"1","1","Raging Swordtooth","Ixalan","Near Mint","English","","BIN","15a79137-9589-4c24-9bea-31041fd3c9ae","2025-03-07 03:51:39.594344"
"1","1","Ranging Raptors","Ixalan","Near Mint","English","","BIN","9e91efc6-0e6a-4a9e-a486-adf53e53d3f1","2025-03-07 03:52:45.823066"
"1","0","Viscera Seer","Magic 2011","Near Mint","English","","EDH | Karador,Signed","6179f847-e334-4f7f-9a4e-0013942a394f","2023-05-06 00:52:53.996654"
"3","3","Nature's Claim","Worldwake","Near Mint","English","","BIN","64ae5a91-ac54-4222-832e-d7a740a3f7cb","2025-01-29 04:20:36.960174"
"4","4","Blackcleave Cliffs","Scars of Mirrodin","Good (Lightly Played)","English","","BIN","3d71be5f-0fd7-4a88-8041-f4d6bc4cc9ac","2024-12-23 03:06:41.720417"
"3","0","Bloodghast","Zendikar","Good (Lightly Played)","English","","Modern | Dredge","63870c81-63bf-4a9a-aeb5-74c6eaded9f1","2024-10-26 20:00:21.423401"
"4","0","Golgari Thug","Ravnica: City of Guilds","Near Mint","English","","Modern | Dredge","87c39e21-3e2f-4cbf-9f99-69e977924a73","2019-08-01 17:23:53.080370"
"2","2","Crumble to Dust","Battle for Zendikar","Near Mint","English","","BIN","63352c11-807d-4878-a975-02ef451c3184","2025-03-07 03:51:39.594344"
"4","0","Stinkweed Imp","Ravnica: City of Guilds","Good (Lightly Played)","English","","Modern | Dredge","628903a0-6695-4643-80f3-9a6efc4d6a27","2018-11-30 19:27:20.736427"
"1","1","Scourge Devil","Duel Decks: Speed vs. Cunning","Near Mint","English","","BIN","625ca28d-d918-440a-acbb-969cf7b1925c","2025-03-07 03:51:39.594344"
"4","0","Creeping Chill","Guilds of Ravnica","Near Mint","English","","Modern | Dredge","f5456173-7a08-4b5c-8450-7123375f4a86","2020-01-22 00:44:24.253650"
"4","0","Narcomoeba","Future Sight","Near Mint","English","","Modern | Dredge","f76b3746-2e2c-4560-a2d2-e7b5b92833b2","2020-01-22 00:44:47.489567"
"4","0","Prized Amalgam","Shadows over Innistrad","Near Mint","English","","Modern | Dredge","634cedb6-8b00-4f4b-8790-541188955295","2020-01-22 00:44:54.806160"
"4","4","Shriekhorn","Mirrodin Besieged","Near Mint","English","","BIN","bb41269f-007d-43ba-a682-d3929cc69696","2025-03-07 03:51:39.594344"
"1","0","Satyr Wayfinder","Born of the Gods","Near Mint","English","","EDH | Karador,Signed","13c5a1ce-932a-4b3d-8b86-ed920e646afc","2024-02-25 21:37:22.782433"
"1","0","Underrealm Lich","Guilds of Ravnica","Near Mint","English","","EDH | Karador","0782e090-209c-428f-966a-17f3ceab2903","2020-03-31 18:34:47.215840"
"1","0","Narset, Parter of Veils (Alternate Art)","War of the Spark","Near Mint","Japanese","foil","Collection | WAR JP PWs","e078151b-74b7-426a-9ee5-d83799ca2b85","2022-11-01 00:42:49.254311"
"1","1","Druid Class","Adventures in the Forgotten Realms","Near Mint","English","foil","BIN","09278e95-eaae-4cd4-a0d8-a2d15b0abb58","2024-12-09 20:02:59.068776"
"1","0","Chromatic Star","Tenth Edition","Good (Lightly Played)","English","","EDH | Tameshi","3233db3e-ec30-4be5-867d-81855652a8b0","2023-03-14 02:23:47.925639"
"3","3","Rix Maadi Reveler","Ravnica Allegiance","Near Mint","English","","BIN","c40396da-18e2-42ca-a78c-4838a38f68b8","2025-03-07 03:52:25.198621"
"1","0","Walking Ballista","Double Masters","Near Mint","English","","EDH | Rocco","5272436e-74f0-44c4-a291-ea8ebc3f1525","2023-09-13 13:16:33.473206"
"1","1","Snow-Covered Forest","Coldsnap","Near Mint","English","","BIN","838c915d-8153-43c2-b513-dfbe4e9388a5","2024-12-28 03:50:47.090915"
"4","0","Tome Scour","Magic 2010","Near Mint","English","","Modern | Dredge","fdbdf96b-e7c5-42e5-9a16-03daafde40af","2023-02-07 04:23:57.170988"
"1","1","Kediss, Emberclaw Familiar","Commander Legends - Etched Foil","Near Mint","English","foil","BIN","23766fa0-e673-46c7-a29f-3fb140844b1c","2025-03-16 01:52:42.566907"
"1","0","Nezahal, Primal Tide","Rivals of Ixalan","Near Mint","English","foil","Collection | Dinos","48eba418-94ab-46a3-958c-4d5058fc2bcd","2021-03-02 02:17:52.114428"
"1","0","Tetzimoc, Primal Death","Rivals of Ixalan","Near Mint","English","foil","Collection | Dinos","c6a0b40e-7a43-4722-b787-a5d7ec6453ac","2021-03-02 02:18:04.806221"
"1","0","Zacama, Primal Calamity","Rivals of Ixalan","Near Mint","English","foil","Collection | Dinos","5aa75f2b-53c5-47c5-96d2-ab796358a96f","2021-03-02 02:18:31.553520"
"1","0","Zetalpa, Primal Dawn","Rivals of Ixalan","Near Mint","English","foil","Collection | Dinos","3d10560f-199d-4d04-b573-90024f8aecc4","2021-03-02 02:18:39.046363"
"1","1","Burning Sun's Avatar","Media Inserts","Near Mint","English","foil","Collection | Dinos","73aaacaa-0890-4948-81f3-0de5ee325377","2025-02-08 23:33:06.976236"
"2","2","Burning Sun's Avatar","Media Inserts","Good (Lightly Played)","English","foil","BIN","73aaacaa-0890-4948-81f3-0de5ee325377","2025-03-07 03:52:25.198621"
"1","1","Imperial Aerosaur","Ixalan","Near Mint","English","foil","BIN","7d08f90b-9b98-4237-9826-578fb812d412","2025-03-07 03:52:45.823066"
"4","0","Flameblade Adept","Amonkhet","Near Mint","English","","Modern | HollowVine","f974d05a-3b31-4661-af18-58d87b76f19e","2021-06-26 20:00:01.242103"
"1","1","Wild Cantor","Guildpact","Near Mint","English","","BIN","242dc29e-d8f5-4207-abbf-cf5425f08551","2025-03-07 03:52:25.198621"
"4","0","Copperline Gorge","Scars of Mirrodin","Near Mint","English","","Modern | HollowVine","28f1d784-f286-418d-a712-bc07ad10d4a2","2022-12-30 01:26:40.239073"
"1","0","Ghalta, Primal Hunger","Rivals of Ixalan","Near Mint","English","foil","Collection | Dinos","0104b5b3-9376-4ad7-9a77-3e564e9c42e6","2021-03-02 02:17:33.850364"
"2","2","Broken Bond","Dominaria","Near Mint","English","","BIN","b4dcb59f-2a47-4461-9831-204ad15696b5","2025-03-07 03:52:25.198621"
"3","3","Idyllic Grange","Throne of Eldraine","Near Mint","English","","BIN","ca2c611c-3a6f-44b0-9daa-837a465845e0","2025-03-07 03:51:39.594344"
"1","1","Lizard Blades","Kamigawa: Neon Dynasty","Near Mint","English","foil","BIN","a747e6cf-c687-4c4f-8e07-d51165d6cb62","2025-02-15 04:38:52.611561"
"1","1","Water Wings","Wilds of Eldraine","Near Mint","English","foil","","4ea4993c-d1ba-4b33-955b-e0874fd2132f","2025-01-20 23:57:55.753106"
"1","1","Impact Tremors","Wilds of Eldraine: Enchanting Tales","Near Mint","English","foil","BIN","e23cf8e0-0983-4495-ad3e-8b0c3e706115","2025-03-16 01:02:23.224090"
"1","0","Night of the Sweets' Revenge","Wilds of Eldraine","Near Mint","English","foil","EDH | Rocco","27f53bed-7075-4303-aa9e-fcca0a266e19","2023-09-14 02:56:11.356029"
"1","0","Touch the Spirit Realm","Kamigawa: Neon Dynasty","Near Mint","English","foil","EDH | Tameshi","e16ab44e-4257-4c0c-b705-8ac1e9c1d835","2023-09-30 23:28:16.688302"
"3","3","Merchant of the Vale // Haggle","Throne of Eldraine","Near Mint","English","","BIN","0b4399b6-e67f-40d8-8676-f5db7e04a6c9","2025-03-07 03:51:39.594344"
"1","1","Wakening Sun's Avatar","Ixalan","Near Mint","English","foil","BIN","7434abe4-87eb-4709-a26d-4e23154b4d31","2025-02-09 03:51:06.765564"
"1","0","Great Furnace","Mirrodin","Good (Lightly Played)","English","","EDH | AkAx","2877281d-c85d-4f32-b40d-828b93c4ee8e","2022-01-13 16:51:33.173167"
"1","1","Myr Battlesphere","Commander 2014","Near Mint","English","","BIN","ee943152-c0a5-41b5-9ee3-539b92018aca","2025-03-07 03:52:25.198621"
"1","0","Kroxa, Titan of Death's Hunger","Secret Lair Drop Series","Near Mint","English","","Cube | bgc1 | 06-Multi","6186ca35-4d28-4176-aaff-5b384a688aa6","2024-10-10 23:13:21.140926"
"1","1","Elite Headhunter","Throne of Eldraine","Near Mint","English","","BIN","aa9d0279-4fe0-4228-a82f-bc3cd91500df","2025-03-07 03:51:39.594344"
"4","4","Think Twice","Innistrad","Near Mint","English","","BIN","53e44060-a9a2-4095-9f5b-f60297525315","2025-03-07 03:51:39.594344"
"2","2","Tiana, Ship's Caretaker","Dominaria","Near Mint","English","","BIN","9a8aea2f-1e1d-4e0d-8370-207b6cae76e3","2025-03-07 03:51:39.594344"
"1","1","Prey Upon","Ultimate Masters","Near Mint","English","foil","BIN","0eb1b036-0856-4cfb-ace5-2731f13696bd","2025-03-07 03:52:25.198621"
"1","1","Smallpox","Magic 2012","Near Mint","English","","BIN","93c8159b-8c1d-480a-b517-dbd67bba1838","2025-03-07 03:52:25.198621"
"4","4","Copperhorn Scout","Conspiracy","Near Mint","English","","BIN","a9e6fe7e-a7d2-4256-8bac-15001f7265d4","2025-03-07 03:51:39.594344"
"1","0","Contagion Clasp","Scars of Mirrodin","Near Mint","English","","EDH | Butch","7fafcefa-d33c-4d73-b3b7-2930f28b845e","2025-02-08 23:14:24.378458"
"2","2","Haze of Pollen","Amonkhet","Near Mint","English","","BIN","b636925d-1c32-4fdc-b814-e6111393d04e","2025-03-07 03:51:39.594344"
"2","2","Ally Encampment","Battle for Zendikar","Near Mint","English","","BIN","bcb7124c-ba69-4da8-ad81-58f00fd0181d","2025-03-07 03:52:25.198621"
"1","1","Trial of Ambition","Amonkhet","Near Mint","English","","BIN","db1e79b7-931d-49bf-8c2c-d42c55a93c74","2025-03-07 03:51:39.594344"
"4","4","Dryad Militant","Return to Ravnica","Near Mint","English","","BIN","2bb8cb8c-0d03-4cbf-b7f2-a97324817698","2025-03-07 03:51:39.594344"
"4","4","Goblin Wardriver","Mirrodin Besieged","Near Mint","English","","BIN","2e220c87-1223-4998-b0e5-23e2d930fa6b","2025-03-07 03:52:25.198621"
"2","2","Pick the Brain","Shadows over Innistrad","Near Mint","English","","BIN","53503e59-6b6c-4de1-8528-458ab94f4e9a","2025-03-07 03:51:39.594344"
"1","1","Backup Plan","Conspiracy","Near Mint","English","","BIN","84c5a45a-adc2-41f9-893c-58a03bebbf0c","2025-03-07 03:52:25.198621"
"1","1","Deceiver Exarch","Conspiracy: Take the Crown","Near Mint","English","","BIN","5160ab7d-16c7-4e8f-bbec-38424c4b5a89","2025-03-07 03:52:25.198621"
"2","2","Underworld Coinsmith","Journey into Nyx","Near Mint","English","","BIN","ea5346e3-3fe4-47ea-a184-e237091cc4a1","2025-03-07 03:52:25.198621"
"2","2","Martyr of Sands","Ultimate Masters","Near Mint","English","","BIN","010d4a6b-af72-4d44-a25f-dce8e12da727","2025-03-07 03:51:39.594344"
"2","2","Beckon Apparition","Eventide","Good (Lightly Played)","English","","BIN","3bae1a3b-881b-4b10-ac5f-822c809edc36","2025-03-07 03:51:39.594344"
"4","4","Jeering Homunculus","Conspiracy: Take the Crown","Near Mint","English","","BIN","23eb23e1-388f-4338-a5ed-0646aa602ea6","2025-03-07 03:51:39.594344"
"1","0","Samut, Tyrant Smasher (Alternate Art)","War of the Spark","Near Mint","Japanese","foil","Collection | WAR JP PWs","197c8c75-3b53-49ab-adb5-32937b49e834","2021-03-30 18:28:02.289028"
"1","1","Abrade","Magic Game Day Cards","Near Mint","English","","","4b22f468-d26e-4b9b-8b19-9ff6baf6957e","2025-03-16 18:49:32.682054"
"1","1","Vengeful Rebirth","Ultimate Masters","Near Mint","English","foil","BIN","b03bb160-8113-409a-a130-2b3fdc476e6a","2025-03-07 03:52:45.823066"
"1","0","Dovin, Hand of Control (Alternate Art)","War of the Spark","Near Mint","Japanese","foil","Collection | WAR JP PWs","62c347f3-157e-45ca-95a8-bdf300b0811b","2021-03-30 22:21:57.260832"
"1","0","Huatli, the Sun's Heart (Alternate Art)","War of the Spark","Near Mint","Japanese","foil","Collection | WAR JP PWs","8d7c88ec-0537-4d94-81d1-e1ba877d2cdb","2021-03-30 22:22:07.186582"
"1","0","Saheeli, Sublime Artificer (Alternate Art)","War of the Spark","Near Mint","Japanese","foil","Collection | WAR JP PWs","ac555b4e-c682-46d2-a99e-1bd1656155d7","2021-03-30 22:22:35.815768"
"1","0","Jaya, Venerated Firemage (Alternate Art)","War of the Spark","Near Mint","Japanese","foil","Collection | WAR JP PWs","bdfd5ff8-0591-4e58-aae1-4f441750518d","2021-03-30 22:22:16.915317"
"1","0","Vraska, Swarm's Eminence (Alternate Art)","War of the Spark","Near Mint","Japanese","foil","Collection | WAR JP PWs","c1523eed-d417-44bc-90fc-f67ecb3dc2c4","2021-03-30 22:22:43.940928"
"1","0","Jiang Yanggu, Wildcrafter (Alternate Art)","War of the Spark","Near Mint","Japanese","foil","Collection | WAR JP PWs","31a66171-1143-4d23-81c3-ae8bb0ef63ad","2021-03-30 22:22:26.992021"
"1","0","Ashiok, Dream Render (Alternate Art)","War of the Spark","Near Mint","Japanese","foil","Collection | WAR JP PWs","3df061ce-dd56-4a11-a932-f16d69f47d3b","2021-03-30 22:21:47.788552"
"4","4","First-Sphere Gargantua","Modern Horizons","Near Mint","English","","BIN","a59f4e5c-fdc7-485f-aadb-2a71b3701dcc","2025-03-07 03:51:39.594344"
"1","1","The Elderspell","War of the Spark","Near Mint","English","","BIN","a3b16625-7faf-4de6-abf7-d397988e32fb","2025-03-07 03:52:25.198621"
"1","0","Karn, the Great Creator (Alternate Art)","War of the Spark","Near Mint","Japanese","foil","Collection | WAR JP PWs","9b572739-0a10-4af0-9014-dd81b67b3dbb","2021-08-16 21:26:12.720907"
"1","1","Karmic Guide","Judge Gift Program","Heavily Played","English","foil","","9743a8f4-8eea-49c1-b533-b2aa40152260","2022-08-31 17:18:33.053116"
"4","0","Street Wraith","Future Sight","Near Mint","English","","Modern | HollowVine","672e2815-bbcc-4338-a8ba-9aa97142ea69","2022-03-16 02:36:12.698774"
"3","3","Dive Down","Ixalan","Near Mint","English","","BIN","b33e493e-1aef-43b3-9716-52158b002430","2025-03-07 03:51:39.594344"
"3","3","Shenanigans","Modern Horizons","Near Mint","English","","BIN","580c6fe2-ab43-491e-a1b2-d076a5c2a74e","2025-03-07 03:51:39.594344"
"4","0","Blood Crypt","Return to Ravnica","Good (Lightly Played)","English","","Modern | Dredge","8bd5828b-8dcd-4ce6-b834-ebe9cbaa12d1","2022-12-30 01:17:16.236185"
"4","0","Burning Inquiry","Magic 2010","Near Mint","English","","Modern | HollowVine","a448bc9e-f5db-4507-ac40-7d8ee3598585","2021-06-26 20:01:36.394590"
"1","1","Sorcerer's Broom","Throne of Eldraine","Near Mint","English","","BIN","071e8f20-18b3-4bf5-a23a-adb42bf5819b","2025-03-07 03:51:39.594344"
"4","4","Smitten Swordmaster // Curry Favor","Throne of Eldraine","Near Mint","English","","BIN","f82541f2-b17c-45b4-87ff-f9b46d23578c","2025-03-07 03:51:39.594344"
"1","1","Dispatch","New Phyrexia","Near Mint","English","","BIN","496634f9-1271-4be7-bad5-364bb87a6962","2024-10-20 22:09:09.569825"
"3","3","Snow-Covered Swamp","Coldsnap","Good (Lightly Played)","English","","BIN","c4dacaf1-09b8-42bb-8064-990190fdaf81","2025-03-07 03:52:45.823066"
"1","0","Mulldrifter","Time Spiral Remastered","Near Mint","English","","Cube | bgc1 | 02-U","ea86b5bf-c38f-4168-a4dd-96859948423c","2024-10-10 23:14:14.895350"
"1","0","Skullclamp","Commander","Near Mint","English","","","ba8e9c6f-287d-496e-a12d-696d6d4ffacf","2025-03-16 01:47:50.254088"
"2","2","Belle of the Brawl","Throne of Eldraine","Near Mint","English","","BIN","2c3c992a-70b5-4d3c-9a96-93c3365691ac","2025-03-07 03:51:39.594344"
"1","1","Cauldron's Gift","Throne of Eldraine","Near Mint","English","","BIN","5db19a94-1170-45a0-9f06-893bf58b7233","2025-03-07 03:51:39.594344"
"4","0","Blood Moon","Masters 25","Near Mint","English","","Modern | HollowVine","d50988ad-a7dc-4ae3-bdd7-c4d6d3789bf2","2022-12-30 01:16:53.778577"
"4","4","Corridor Monitor","Throne of Eldraine","Near Mint","English","","BIN","9347802a-0971-443c-867a-cb9400f18d5c","2025-03-07 03:51:39.594344"
"2","2","Faerie Guidemother // Gift of the Fae","Throne of Eldraine","Near Mint","English","","BIN","e8bbece8-9620-44d9-b991-350fe952538a","2025-03-07 03:51:39.594344"
"1","1","Improbable Alliance","Throne of Eldraine","Near Mint","English","","BIN","0461867b-ec35-4d37-a398-5247e06c4afe","2025-03-07 03:51:39.594344"
"1","1","Maraleaf Pixie","Throne of Eldraine","Near Mint","English","","BIN","e6d7f9c9-dd83-4684-a949-1c22f316138a","2025-03-07 03:51:39.594344"
"3","3","Scorching Dragonfire","Throne of Eldraine","Near Mint","English","","BIN","3b74a806-ed74-458e-8903-d3d084e9f507","2025-03-07 03:51:39.594344"
"4","4","Tome Raider","Throne of Eldraine","Near Mint","English","","BIN","e04ad850-5801-4654-a388-f86be20a43bf","2025-03-07 03:51:39.594344"
"1","1","Tournament Grounds","Throne of Eldraine","Near Mint","English","","BIN","cd438d51-a778-4b38-8b4b-a6a9cd9b4b22","2025-03-07 03:51:39.594344"
"4","4","Wildwood Tracker","Throne of Eldraine","Near Mint","English","","BIN","3538eba1-475a-4388-8a72-55ab7cd1027e","2025-03-07 03:51:39.594344"
"1","1","Moment of Craving","Rivals of Ixalan","Near Mint","English","","BIN","c0e3ea55-162d-4466-ba4e-b938a0845fb5","2025-03-07 03:51:39.594344"
"4","4","Diligent Excavator","Dominaria","Near Mint","English","","BIN","65212970-770e-4110-aa86-c89128688867","2025-03-07 03:51:39.594344"
"1","1","Midnight Guard","Battlebond","Near Mint","English","","BIN","87c1d85d-b2b8-4c9d-84fa-2566b14cb5ea","2025-03-07 03:51:39.594344"
"3","3","Armillary Sphere","Commander 2019","Near Mint","English","","BIN","5021f5e0-1fd9-4b2c-a3b7-b35ce6f5b5ba","2025-03-07 03:51:39.594344"
"1","0","Ogre-Head Helm","Kamigawa: Neon Dynasty - Showcase","Near Mint","English","","Cube | sneo","517f143d-986a-474e-be48-819d1f9f078c","2023-01-29 00:54:41.384924"
"1","0","Invoke Calamity","Kamigawa: Neon Dynasty","Near Mint","English","","Cube | sneo","fe666c86-6734-4c47-9244-bcd26b54068d","2023-01-29 00:54:41.397857"
"4","4","Into the Roil","Zendikar","Near Mint","English","","BIN","5dba9972-dd8b-407b-9374-a8f0ed1a96db","2025-03-07 03:51:39.594344"
"4","4","Ransack the Lab","Modern Horizons","Near Mint","English","","BIN","b547513d-8b69-41cd-84c9-4b08b6426f1d","2025-03-07 03:51:39.594344"
"1","0","Day of Judgment","Media Inserts","Near Mint","English","foil","Collection","6ba873f7-a7a4-44aa-84a6-44501424dc7a","2022-03-06 02:39:45.860874"
"1","0","Nahiri, Storm of Stone (Alternate Art)","War of the Spark","Near Mint","Japanese","foil","Collection | WAR JP PWs","3f17544a-7bcd-4315-8e14-bea8317ee13a","2021-02-28 03:00:26.249805"
"1","0","Gideon Blackblade (Alternate Art)","War of the Spark","Near Mint","Japanese","foil","Collection | WAR JP PWs","b9581ba4-8b7a-410c-9a7d-d4a976880435","2021-02-28 02:59:41.918942"
"1","0","Ral, Storm Conduit (Alternate Art)","War of the Spark","Near Mint","Japanese","foil","Collection | WAR JP PWs","6ad09cd7-52c3-4c13-919c-e113b6dc3419","2021-02-28 03:00:42.884443"
"1","0","Sheoldred, Whispering One","Prerelease Events","Near Mint","Japanese","foil","EDH | Karador","72ddbbac-9914-44ff-b4d4-60989031744e","2019-03-03 04:54:58.375522"
"1","1","Itzquinth, Firstborn of Gishath","The Lost Caverns of Ixalan","Near Mint","English","","BIN","7112c366-b36a-4bc8-aa64-6bad16bebc39","2025-03-07 03:51:10.920599"
"1","1","City's Blessing | Dinosaur Token","The Lost Caverns of Ixalan - Commander","Near Mint","English","","BIN","9c3a8c98-e189-4cd2-b2fd-b5a591658eaa","2025-03-07 03:51:39.594344"
"1","1","Dinosaur Token | Elephant Token","The Lost Caverns of Ixalan - Commander","Near Mint","English","","BIN","59b5a5de-f799-49a0-925f-a0cfd46045b5","2025-03-07 03:51:39.594344"
"1","1","Drover of the Mighty","The Lost Caverns of Ixalan - Commander","Near Mint","English","","BIN","013360b3-c335-46c0-abe3-b7e3760f62c9","2025-03-07 03:51:10.920599"
"1","1","Dinosaur Token | The Monarch","The Lost Caverns of Ixalan - Commander","Near Mint","English","","BIN","59b5a5de-f799-49a0-925f-a0cfd46045b5","2025-03-07 03:51:39.594344"
"1","1","Thundering Spineback","The Lost Caverns of Ixalan - Commander","Near Mint","English","","BIN","0c65d26e-b529-43ba-9e6e-82aed27cbbfc","2025-03-07 03:51:10.920599"
"1","1","Thunderherd Migration","The Lost Caverns of Ixalan - Commander","Near Mint","English","","BIN","5b71c6bd-db67-46ca-9c96-119e89f8ef69","2025-03-07 03:51:39.594344"
"1","1","Verdant Sun's Avatar","The Lost Caverns of Ixalan - Commander","Near Mint","English","","BIN","e8fce06a-56f7-4d0c-b094-ff147fec8256","2025-03-07 03:52:25.198621"
"1","1","Earthshaker Dreadmaw","The Lost Caverns of Ixalan","Near Mint","English","","BIN","cdcbba6f-aa54-44be-a3b0-f712fa8bd5ad","2025-03-07 03:51:39.594344"
"1","0","Curious Altisaur","The Lost Caverns of Ixalan - Commander","Near Mint","English","","","83fb87d8-d6f6-4cb0-aca1-49e6fcb181b1","2024-03-03 19:31:47.423155"
"1","0","Bronzebeak Foragers","The Lost Caverns of Ixalan - Commander","Near Mint","English","","","dadfcd91-3000-448e-a304-be425ff68644","2025-02-09 03:51:35.948124"
"1","1","Bellowing Aegisaur","The Lost Caverns of Ixalan - Commander","Near Mint","English","","BIN","f81607f4-d1cc-41a0-97eb-0c23133cfb6c","2025-03-07 03:51:10.920599"
"2","0","Sacred Foundry","Gatecrash","Near Mint","English","","Modern | Dredge","0a26d900-c652-4f9c-8681-a35c5f8b1937","2025-02-09 03:38:27.465822"
"1","1","Majestic Heliopterus","The Lost Caverns of Ixalan - Commander","Near Mint","English","","BIN","637741c4-5420-4a54-839e-4fd454d93172","2025-03-07 03:51:10.920599"
"1","1","Raging Swordtooth","The Lost Caverns of Ixalan - Commander","Near Mint","English","","BIN","6bf82a3f-2faf-45b8-95af-32a93880b54c","2025-03-07 03:51:10.920599"
"2","2","Copy Token | Dinosaur Token","The Lost Caverns of Ixalan","Near Mint","English","","BIN","01c3b739-89b3-4ad8-aab9-76e8f87cf123","2025-03-07 03:51:39.594344"
"1","1","Fracture","Strixhaven: School of Mages Promo Pack","Near Mint","English","","BIN","4033ffe6-3e81-440f-bde7-0cf267a54b36","2024-10-20 22:09:57.634165"
"1","0","Knight of Autumn","Guilds of Ravnica","Near Mint","English","","EDH | Karador,Signed","3028075c-5fc5-4942-a984-1ffcf7a8933d","2023-05-06 00:57:09.422774"
"4","0","Ancient Grudge","Time Spiral ""Timeshifted""","Near Mint","English","","Modern | Dredge,Modern | HollowVine","89cbad1f-4f16-4d5f-a485-5bf950565216","2021-06-26 20:17:12.809352"
"1","0","Winding Way","Outlaws of Thunder Junction - Commander","Near Mint","English","","Cube | bgc1 | 05-G","d3340062-3071-4d8e-98f8-fd3343a011ad","2024-10-10 23:17:46.101525"
"1","1","Eccentric Farmer","Outlaws of Thunder Junction - Commander","Near Mint","English","","BIN","9867f90d-9c1e-4976-a152-f038ce8dddae","2025-03-07 03:51:10.920599"
"1","1","Valorous Stance","Outlaws of Thunder Junction - Commander","Near Mint","English","","BIN","f161ad98-877f-4833-a6a1-c15ee3e8ca87","2025-03-07 03:51:10.920599"
"1","1","Explore","Outlaws of Thunder Junction - Commander","Near Mint","English","","BIN","3976affd-8c2b-499a-a946-b629c2ba59c7","2025-03-07 03:51:39.594344"
"1","1","Thrilling Discovery","Outlaws of Thunder Junction - Commander","Near Mint","English","","BIN","1278b2ef-6c11-4892-9388-833f67bcc858","2025-03-07 03:51:10.920599"
"1","1","Unholy Heat","Outlaws of Thunder Junction - Commander","Near Mint","English","","BIN","4e879386-b1f8-4f2a-9820-6e1291746f88","2025-03-07 03:51:10.920599"
"1","1","Krosan Verge","Outlaws of Thunder Junction - Commander","Near Mint","English","","BIN","19fc5bec-f877-430c-8e83-e6c5fe97f3c4","2025-03-07 03:51:39.594344"
"1","1","Nesting Dragon","Outlaws of Thunder Junction - Commander","Near Mint","English","","BIN","571e3136-e4f3-412b-bfd4-0eb06d3d723f","2025-03-07 03:52:25.198621"
"1","0","Rielle, the Everwise","Ikoria: Lair of Behemoths - Extended Art","Near Mint","English","","Cube | bgc1 | 06-Multi","6cbe5ae7-5c50-476f-9022-cfb61ced107b","2024-10-10 23:15:22.770412"
"3","3","Burning Inquiry","Magic 2010","Good (Lightly Played)","English","foil","BIN","a448bc9e-f5db-4507-ac40-7d8ee3598585","2025-02-04 03:49:42.036366"
"1","0","An Offer You Can't Refuse","Streets of New Capenna - Promo Pack","Near Mint","English","","EDH | Howler","41ecf5f7-db15-4917-ad7f-1c652b0a97da","2025-03-16 01:14:13.230281"
"1","0","Magus of the Bazaar","Planar Chaos","Near Mint","English","","Cube | bgc1 | 02-U","a89762f8-70e0-414b-a788-532710129733","2024-10-10 23:13:49.887622"
"1","0","Baral, Chief of Compliance","March of the Machine - Multiverse Legends","Near Mint","English","foil","","47eb1fa4-a332-4618-a400-c082719f7d5f","2024-05-28 22:36:45.753667"
"1","0","Firestorm","Weatherlight","Near Mint","English","","Cube | bgc1 | 04-R,Signed","e674aa8a-668a-4345-95ee-73a0b87bbcb1","2024-10-10 23:12:10.884959"
"4","4","Faithless Looting","Dark Ascension","Near Mint","English","","BIN","a1b0da17-d595-441d-811c-a2d28d2bb232","2025-03-07 03:52:45.823066"
"1","0","Ponder","Secret Lair Drop Series","Near Mint","English","","","84d02bf4-eefd-4916-ab5a-cc16b3e6a186","2024-05-28 22:41:51.163713"
"1","1","Blighted Woodland","Commander 2020","Near Mint","English","","BIN","b4073c69-fce0-4755-97f2-0a10fabed3e4","2025-03-07 03:52:25.198621"
"1","0","Titania, Protector of Argoth","Modern Horizons 2 Retro Frame","Near Mint","English","foil","Cube | bgc1 | 05-G","bab161d9-45d7-48b7-af47-21e3dbae4d85","2024-10-10 23:16:58.957403"
"1","1","Solitary Confinement","Modern Horizons 2","Near Mint","English","foil","BIN","b9031a7f-8821-443c-9c9d-552fb25b2101","2024-07-28 20:57:24.479262"
"1","0","Plaza of Heroes","Dominaria United","Near Mint","English","foil","EDH | AkAx","a2cfcf67-f83c-43af-9e2d-5513fcdde835","2023-06-18 02:10:09.506454"
"1","0","Beast Within","New Phyrexia","Near Mint","English","","EDH | EllieAlan","ce5b6d19-22e3-4f57-8f4d-a17e982286c7","2024-03-25 02:04:57.423389"
"1","1","Expedition Map","Zendikar","Near Mint","English","","","c55bee97-593f-441f-b96c-a998d5212a55","2024-12-08 02:23:34.844286"
"1","1","Executioner's Capsule","Shards of Alara","Near Mint","English","","BIN","48185059-fff9-47b0-9774-ad37dee345ed","2025-03-07 03:51:39.594344"
"1","1","Disciple of the Vault","Mirrodin","Played","English","","BIN","644359dc-3c4c-4291-876d-7390dc466877","2025-03-07 03:52:45.823066"
"1","1","Cranial Plating","Fifth Dawn","Near Mint","English","","BIN","90ea95d0-9f95-462b-a080-22a5da7b2e97","2025-03-07 03:52:45.823066"
"4","0","Faithless Looting","IDW Comics","Near Mint","English","","Modern | Dredge","03e0147e-841c-4593-83ce-001bf03885f2","2024-12-22 02:45:23.639904"
"1","0","March of Swirling Mist","Kamigawa: Neon Dynasty - Showcase","Near Mint","English","foil","","633a8eac-82c7-4e02-bff5-1e1095b781ef","2024-05-28 22:43:30.986249"
"1","0","Cathartic Pyre","Innistrad: Double Feature","Near Mint","English","","Cube | bgc1 | 04-R","49c23880-df11-4e62-bb9c-af7cd64c81d3","2024-10-10 23:10:07.705519"
"1","0","Lonely Sandbar","Onslaught","Near Mint","English","","Cube | bgc1 | 02-U","d8ddab06-aff7-4c40-bcaa-10cbfe899dd9","2024-10-10 23:13:35.486709"
"1","0","Arcane Signet","Throne of Eldraine","Near Mint","English","","","84128e98-87d6-4c2f-909b-9435a7833e63","2025-01-11 22:04:37.382979"
"1","0","Filter Out","March of the Machine: The Aftermath","Near Mint","English","foil","","a81a9eb1-240b-40fd-9282-0f5abec63449","2024-05-28 22:48:17.036047"
"1","0","Izzet Signet","Guildpact","Near Mint","English","","EDH | Howler","f823be95-bef4-4e86-a924-239be62394bf","2025-03-15 22:46:43.111176"
"1","0","Izzet Charm","Return to Ravnica","Near Mint","English","","EDH | Howler","1e3a5af6-5423-442b-a207-364e97a871d8","2025-03-16 01:16:42.796468"
"1","0","Chaos Warp","Double Masters 2022 - Borderless","Near Mint","English","","EDH | Howler,Signed","94ba4278-c63e-49b4-bf60-16dfe5c70a0b","2025-03-16 01:19:12.422352"
"1","0","Snow-Covered Mountain","Coldsnap","Near Mint","English","","EDH | Howler","0dc9a6d1-a1ca-4b8f-894d-71c2a9933f79","2025-03-16 16:25:26.043246"
"1","0","Negate","Core 2020 - Promo Pack","Near Mint","English","foil","","0b735522-60cf-41fc-b80e-8e27c7f2112e","2024-05-28 22:46:08.073305"
"1","1","Filter Out","March of the Machine: The Aftermath","Near Mint","English","foil","","a81a9eb1-240b-40fd-9282-0f5abec63449","2024-05-28 22:48:00.880826"
"1","0","Orzhov Signet","Guildpact","Good (Lightly Played)","English","","","f9298a1d-5b41-46d8-929c-b6980d1e6eb7","2024-05-28 23:04:40.043579"
"2","2","Liquimetal Torque","Modern Horizons 2","Near Mint","English","","","13c6101a-da40-4785-8ccb-4e779bbbdb55","2025-03-30 18:23:42.369416"
"1","0","Snow-Covered Island","Coldsnap","Near Mint","English","","EDH | Howler","6abf0692-07d1-4b72-af06-93d0e338589d","2025-03-16 16:24:08.367248"
"1","1","Muddle the Mixture","Ravnica: City of Guilds","Near Mint","English","","","4cc785b0-0a77-4b02-b0b4-2bda2fc621cc","2024-05-28 23:02:26.731842"
"3","3","Negate","Conspiracy: Take the Crown","Near Mint","English","","BIN","3d5e6fdf-022a-480d-96fc-bfadbf7ee5f6","2025-03-31 02:42:07.450865"
"1","0","Gishath, Sun's Avatar","The Lost Caverns of Ixalan","Near Mint","English","foil","Collection | Dinos","bc4a65de-23b5-48f0-b8b7-94608eaced3e","2023-12-09 02:46:50.853532"
"1","0","Hallowed Spiritkeeper","Commander 2014","Near Mint","English","","Cube | bgc1 | 01-W","94ebd5bd-99b3-4371-9ca2-e0504db1458e","2025-02-03 23:10:14.860904"
"1","0","Scavenger Grounds","Hour of Devastation","Near Mint","English","","EDH | Howler","6cd91eeb-7abf-4538-91dc-47c736dfc237","2025-03-15 22:36:36.111087"
"1","0","Blasphemous Act","Innistrad","Near Mint","English","","","509ce648-fb76-486d-8b39-183e368b7cb7","2025-03-16 01:08:31.816914"
"1","0","Life from the Loam","Ravnica: City of Guilds","Good (Lightly Played)","English","","Cube | bgc1 | 05-G","7ac16d09-8bc7-407c-a757-666f4707bc90","2025-02-03 23:11:21.810314"
"2","0","Faerie Token","Throne of Eldraine","Near Mint","English","","Tokens","bcd82cb0-ff4b-4f4d-b3d0-3ac53883b099","2025-02-03 23:11:36.856223"
"2","0","Zombie Rogue Token","Outlaws of Thunder Junction","Near Mint","English","","Tokens","74c7a0bd-6011-495a-b56c-8fa707dd7f12","2025-02-03 23:11:46.566904"
"1","0","The Colossal Dreadmaw","Mystery Booster 2","Near Mint","English","","Collection | Dinos","d0c98dca-b499-408f-8f99-9c59742027ee","2025-02-03 23:15:23.979011"
"1","0","Defile","Modern Horizons","Near Mint","English","","EDH | Butch","5bcb4398-edd1-41a7-a496-b12bce22ceb6","2025-02-03 23:15:24.001090"
"1","0","Necropolis Regent","Return to Ravnica","Near Mint","English","","EDH | Butch","b421dcc9-0299-416d-86bc-c70ef49bcf98","2025-02-03 23:15:24.030248"
"1","0","Undying Malice","Innistrad: Crimson Vow","Near Mint","English","","EDH | Butch","8eb38041-043a-4b18-9d9a-f1283684e8f1","2025-02-03 23:15:24.073175"
"1","1","Bold Plagiarist","Commander 2021","Near Mint","English","","BIN","b0e0f5f6-8b63-4c63-bd1d-445613bc106b","2025-03-16 17:17:42.847188"
"1","0","Sunbaked Canyon","Modern Horizons","Near Mint","English","","Cube | bgc1 | 08-Nonbasics","c36820fa-ee86-4206-9a0d-737a67cf5208","2025-02-03 23:13:13.191426"
"1","0","Swamp (#298)","Champions of Kamigawa","Played","English","foil","EDH | Butch","cb3d03a6-35bf-415e-9faa-972edff92777","2025-02-03 23:22:52.202828"
"1","0","Wayfarer's Bauble","Commander 2014","Near Mint","English","","","62a393b9-caaf-4951-a6ed-6be80a115578","2025-02-03 23:21:23.570537"
"1","0","Mountain (#245)","Zendikar","Near Mint","English","foil","","7a298c5d-9937-4df6-a544-7b3bcfe84885","2025-02-03 23:23:39.863127"
"1","1","Rogue's Passage","Return to Ravnica","Near Mint","English","","BIN","f416e36a-15cb-43c8-b27f-82f65a95ddef","2025-03-07 03:52:25.198621"
"1","0","Bandit's Haul","Outlaws of Thunder Junction","Near Mint","English","foil","EDH | Butch","68b2e74b-933b-4285-963b-dda3a986a914","2025-02-03 23:21:11.815465"
"1","0","Nowhere to Run","Duskmourn: House of Horror","Near Mint","English","","EDH | Butch","fee60e9d-9ee7-444a-88f3-c1929e1888fb","2025-02-03 23:21:11.843675"
"1","0","Power Conduit","Mirrodin","Near Mint","English","","EDH | Butch","b0f5c84f-1924-4a4a-84c1-00dcb756e9c9","2025-02-03 23:21:11.868549"
"1","0","Raven of Fell Omens","Outlaws of Thunder Junction","Near Mint","English","foil","EDH | Butch","e2df3cb4-1658-450a-912a-df336706acdc","2025-02-03 23:21:11.883293"
"1","0","Rampaging Hippo","Hour of Devastation","Near Mint","English","foil","EDH | EllieAlan","4c97229f-2fc8-439a-a18b-efa09b366b70","2025-02-03 23:21:19.786153"
"4","0","Stomping Ground","Guildpact","Good (Lightly Played)","English","","Modern | HollowVine","a2773d8f-f906-475d-aaff-b7ca3b01f188","2025-02-09 03:38:15.061125"
"1","1","Mirari's Wake","Conspiracy","Near Mint","Japanese","","BIN","e6504f35-2b68-4bc8-bad9-1d68bb797e49","2023-12-05 22:28:41.750644"
"1","0","Sheltered Thicket","Amonkhet","Near Mint","English","","Cube | bgc1 | 08-Nonbasics","d23cd764-3f5c-4c93-ba83-e5ff397003a2","2024-12-01 04:41:35.751148"
"1","1","Deathgorge Scavenger","Ixalan","Near Mint","English","","BIN","a0e9d8a4-dfc2-4451-a15f-98592b817155","2025-03-07 03:52:25.198621"
"1","1","Structural Assault","Streets of New Capenna - Extended Art","Near Mint","English","","BIN","faf83d83-6401-41ae-aa50-dfd14e4070b3","2025-03-07 03:51:39.594344"
"1","1","Deathgorge Scavenger","Ixalan","Near Mint","English","foil","BIN","a0e9d8a4-dfc2-4451-a15f-98592b817155","2025-03-07 03:52:45.823066"
"1","1","Forest (#272) (Full Art)","Battle for Zendikar","Near Mint","English","","","2d3a6ecf-323d-4650-aabf-92995e3c72c6","2023-12-05 22:27:37.766053"
"1","0","Vault of Whispers","Mirrodin","Near Mint","English","","","73866487-33f4-4f64-b100-2c4ddadcd74e","2024-07-05 20:35:37.136255"
"1","0","Blood Fountain","Innistrad: Double Feature","Near Mint","English","","Signed","3499687b-5dd3-4a0c-96a3-7db227abcaf2","2024-07-18 22:17:46.008464"
"1","0","Teferi, Time Raveler (Alternate Art)","War of the Spark","Near Mint","Japanese","foil","Collection | WAR JP PWs","f7eb4cc4-b79a-4ac8-ba33-ceeb55012022","2022-04-04 20:31:54.010538"
"4","0","Magus of the Moon","Future Sight","Heavily Played","English","","Modern | HollowVine,Signed","c06a4443-6851-4873-8fb8-2ef76c9d6d2c","2023-04-18 23:11:21.652701"
"1","0","Painful Truths","Battle for Zendikar","Near Mint","English","","EDH | AkAx","46a3afdb-aeb2-4699-91f9-5c42284b3a4a","2023-11-24 21:20:20.974391"
"1","0","Jarad, Golgari Lich Lord","Return to Ravnica","Near Mint","English","foil","Collection,Signed","02ef18d1-fd05-4dbc-9fa7-a383799b34e9","2019-11-11 01:32:21.872210"
"1","0","Myr Battlesphere","Scars of Mirrodin","Near Mint","English","","Cube | bgc1 | 07-Colorless","b0ae94ed-7314-470b-baba-f2f58bbc894a","2024-10-10 23:14:19.975116"
"1","1","Golgari Signet","Ravnica: City of Guilds","Near Mint","English","","","be03b002-1a3e-4b21-bc23-7f5a9cedb74f","2025-01-20 23:56:19.403275"
"1","1","Tavern Brawler","Commander Legends: Battle for Baldur's Gate - Etched Foil","Near Mint","English","foil","","3f74187e-64ac-4685-ad21-0746cb2b61f4","2024-08-30 02:07:04.856010"
"1","1","Thirst for Knowledge","Jumpstart","Near Mint","English","","BIN","52e40cb2-d306-4c8d-859b-ac288e9dc78d","2025-03-07 03:51:39.594344"
"2","2","Ghor-Clan Rampager","Friday Night Magic","Near Mint","English","foil","BIN","5dacb6f8-20f7-4ed4-aa9f-8c1d55f09357","2025-03-07 03:52:45.823066"
"1","1","Sol Ring","Love Your Local Game Store Promos","Near Mint","English","foil","","a0dd17da-9773-4a17-9aa7-4cd8958e1ef8","2025-03-15 22:47:53.490917"
"1","0","Exotic Orchard","Commander 2019","Near Mint","English","","EDH | AkAx,Signed","23de2dc2-348f-4eeb-ae0c-dda422d654b0","2024-02-25 21:37:52.688746"
"1","0","Lotus Bloom","Time Spiral Remastered","Near Mint","English","foil","EDH | Tameshi","db89ae4d-1cc2-41d8-a4de-a54b958c4429","2022-11-08 00:44:23.619337"
"1","0","Mystic Confluence","Battlebond","Near Mint","English","","EDH | Tameshi","f557a8f6-1b1f-493b-a064-f14fbdb8e0f4","2022-11-08 00:44:34.274043"
"1","0","Glacial Fortress","Magic 2012","Near Mint","English","","EDH | Tameshi","8b3601d4-4091-465e-8c18-0cd717258211","2022-11-08 00:44:56.087498"
"1","0","Sai, Master Thopterist","Core Set 2019","Near Mint","English","","EDH | Tameshi","19316cbb-d1af-4ab7-b588-78637503e986","2022-11-08 00:44:56.102101"
"1","0","Conjurer's Bauble","Fifth Dawn","Near Mint","English","","EDH | Tameshi","2d32960e-d182-455f-8e74-eb11b10050da","2022-11-08 00:45:53.353339"
"1","1","Needletooth Raptor","Rivals of Ixalan","Near Mint","English","","BIN","e9a90b68-d5f4-4f3c-bd4b-af59dd868919","2025-03-07 03:52:25.198621"
"1","1","Ingot Chewer","Duel Decks Anthology, Jace vs. Chandra","Near Mint","English","","BIN","9f56009a-0a9f-4894-afff-9aae6adb2826","2025-03-07 03:52:25.198621"
"4","4","Gurmag Angler","Fate Reforged","Near Mint","English","","BIN","c60a8cf1-a8c7-4f45-bbd3-188fab2652f9","2025-03-07 03:51:39.594344"
"1","1","Outmuscle","Throne of Eldraine","Near Mint","English","foil","BIN","40d0ddcc-e6df-4fe1-9ac9-f895885ccc84","2025-03-07 03:51:39.594344"
"1","1","Mistford River Turtle","Throne of Eldraine","Near Mint","English","foil","BIN","0c78c386-c64b-4fab-a718-f18b46360e20","2025-03-07 03:51:39.594344"
"1","1","Roving Keep","Throne of Eldraine","Near Mint","English","foil","BIN","38a0136e-a637-4a12-a38f-35f772b290a9","2025-03-07 03:51:39.594344"
"1","1","Improbable Alliance","Throne of Eldraine","Near Mint","English","foil","BIN","0461867b-ec35-4d37-a398-5247e06c4afe","2025-03-07 03:52:25.198621"
"1","0","Mishra's Bauble","Double Masters","Near Mint","English","foil","EDH | Tameshi","45bbbf9b-8fee-4c32-a513-02dac6ac8a39","2022-11-10 00:55:05.985397"
"1","0","Elspeth Conquers Death","Theros Beyond Death","Near Mint","English","","EDH | Tameshi","ea20208b-1939-4c69-8cfd-c0a42f9dc427","2022-11-10 00:55:06.014747"
"2","0","Cat Beast Token | Insect Token","Zendikar Rising","Near Mint","English","foil","Tokens","e2c91781-acf9-4cff-be1a-85148ad2a683","2022-11-27 03:47:26.846483"
"1","0","Nurturing Peatland","Modern Horizons","Near Mint","English","","EDH | Karador","2744ac83-a79f-4042-8720-688b5adda382","2019-06-29 16:32:28.793556"
"1","1","Vesperlark","Modern Horizons","Near Mint","English","","BIN","32776159-3fb6-4a70-be84-837ccd1d54a7","2025-03-07 03:51:39.594344"
"1","0","Entomb","Dominaria Remastered - Retro Frame","Near Mint","English","foil","EDH | Karador","750820a5-b03f-46ee-970a-b66845176853","2023-02-01 01:17:38.835908"
"1","0","Swords to Plowshares","Dominaria Remastered - Retro Frame","Near Mint","English","foil","EDH | AkAx","5ae3067d-768b-40e7-80d6-08cc42f162b6","2023-02-01 01:21:21.394111"
"1","0","Ephara, God of the Polis","Born of the Gods","Near Mint","English","","Signed","6832e495-7ee9-43e0-94ea-03c88344080e","2025-03-16 01:35:51.918873"
"1","1","Vandalblast","Return to Ravnica","Near Mint","English","","","5925c559-3e3c-481b-ba95-20a405cbffce","2024-02-06 04:01:46.044792"
"1","1","Trinket Mage","Time Spiral Remastered","Near Mint","English","","BIN","2e006682-5236-4a32-9f3d-7337b2c42b21","2024-08-30 02:00:30.605213"
"1","0","Seal of Removal","Modern Horizons 2","Near Mint","English","","EDH | Tameshi","6dfc7060-e374-486f-8029-d3fdfe4b61e7","2022-11-10 23:31:06.500911"
"1","0","Nexus of Fate","Media Inserts","Near Mint","English","foil","","f163cfbf-6df6-4af5-9fe4-23b0d511586a","2024-07-19 02:06:05.693941"
"1","0","Walking Atlas","Worldwake","Near Mint","English","","EDH | Tameshi","53515042-e729-4a7c-ac3b-36ef70dbbe8d","2022-11-10 23:31:26.414029"
"1","0","Deprive","Rise of the Eldrazi","Good (Lightly Played)","English","","EDH | Tameshi","2efecdd9-bd3a-4b79-92da-6485589d5bde","2022-11-10 23:32:18.190869"
"1","1","Ethersworn Sphinx","Modern Horizons 2 Showcase","Near Mint","English","foil","BIN","5f3a54c0-98f0-47be-aae1-608479f4b9cf","2025-03-07 03:51:39.594344"
"5","5","Forest (#291) (Full Art)","The Lost Caverns of Ixalan","Near Mint","English","foil","BIN","8c13cafb-3078-4856-a5b0-c38aace8a34a","2025-03-22 00:51:34.809433"
"1","0","Forest (#291) (Full Art)","The Lost Caverns of Ixalan","Near Mint","German","foil","EDH | EllieAlan","8c13cafb-3078-4856-a5b0-c38aace8a34a","2025-03-22 00:51:00.450684"
"1","1","Acquisitions Expert","Zendikar Rising","Near Mint","English","","BIN","281336c7-ca7c-4c91-bdfb-d253a965cb7c","2025-03-07 03:51:39.594344"
"1","1","Adventure Awaits","Zendikar Rising","Near Mint","English","","BIN","db50f988-da46-4b9b-9cc5-78497df2df8b","2025-03-07 03:51:39.594344"
"1","1","Akoum Hellhound","Zendikar Rising","Near Mint","English","foil","BIN","3a5ad1c8-3d70-43ed-9539-2aa6289c5c4a","2025-03-07 03:51:39.594344"
"3","3","Select for Inspection","Kaladesh","Near Mint","English","","BIN","120f0fb0-4831-4759-b58c-05c4be90a4af","2025-03-07 03:51:39.594344"
"4","4","Harrow","Zendikar","Near Mint","English","","BIN","e309c1fc-3a7c-4624-8b48-9b152c2590ae","2025-03-07 03:52:25.198621"
"1","1","Springjack Shepherd","The List - Zendikar Rising","Near Mint","English","","BIN","308fbcf8-0475-4c0b-a365-418588f84b5a","2025-03-07 03:51:39.594344"
"1","1","Dreadwurm","Zendikar Rising - Showcase","Near Mint","English","","BIN","d60c9b15-c824-4203-bdda-ff9c041f9e2f","2025-03-07 03:49:55.294349"
"1","1","Cadaverous Knight","The List - Zendikar Rising","Near Mint","English","","BIN","86dc3679-9832-46e4-b5f8-c78bf5249a5e","2025-03-07 03:51:10.920599"
"1","1","Dreadwurm","Zendikar Rising - Showcase","Near Mint","English","foil","BIN","d60c9b15-c824-4203-bdda-ff9c041f9e2f","2025-03-07 03:51:10.920599"
"1","1","Kazandu Nectarpot","Zendikar Rising - Showcase","Near Mint","English","","BIN","796b5899-97e5-4682-aac8-51378f0c904e","2025-03-07 03:51:10.920599"
"1","1","Skyclave Squid","Zendikar Rising - Showcase","Near Mint","English","","BIN","04833fcc-cef7-4152-8191-c552288c83e4","2025-03-07 03:51:10.920599"
"1","1","Territorial Scythecat","Zendikar Rising - Showcase","Near Mint","English","","BIN","cf4a4aba-3391-4259-9a5f-a163a45d943c","2025-03-07 03:50:43.418761"
"1","1","Spitfire Lagac","Zendikar Rising - Showcase","Near Mint","English","","BIN","b6008794-a7ca-4a3e-b88b-e5dbb9e0f39b","2025-03-07 03:51:10.920599"
"1","1","Allied Assault","Zendikar Rising","Near Mint","English","","BIN","340df0d4-9848-4372-9f45-a73a8e94058a","2025-03-07 03:51:39.594344"
"2","2","Angelheart Protector","Zendikar Rising","Near Mint","English","","BIN","c06cc03f-da73-4ba5-96c9-618b497a7ea3","2025-03-07 03:51:39.594344"
"1","1","Anticognition","Zendikar Rising","Near Mint","English","","BIN","db99b872-77c7-4471-9c44-a36d4ff5d33f","2025-03-07 03:51:39.594344"
"1","1","Blood Beckoning","Zendikar Rising","Near Mint","English","","BIN","0cb88075-14f8-4ac9-b947-5ca1d30938f1","2025-03-07 03:51:39.594344"
"1","1","Cascade Seer","Zendikar Rising","Near Mint","English","","BIN","13105c88-2926-40ad-bc7a-09d515aa36c6","2025-03-07 03:51:39.594344"
"1","1","Chilling Trap","Zendikar Rising","Near Mint","English","","BIN","60f9adfd-a940-4d62-894b-84f17c693a10","2025-03-07 03:51:39.594344"
"1","1","Cunning Geysermage","Zendikar Rising","Near Mint","English","","BIN","2217f0a9-5af5-45cc-8cf7-8878d4f66dd8","2025-03-07 03:51:39.594344"
"1","1","Dauntless Survivor","Zendikar Rising","Near Mint","English","","BIN","52b1b4a2-52a7-4fcd-aa96-f7d9e459657b","2025-03-07 03:51:39.594344"
"1","1","Deliberate","Zendikar Rising","Near Mint","English","","BIN","c41c0dd0-fef2-4f3c-8f3c-9c9c521b5442","2025-03-07 03:51:39.594344"
"1","1","Drana's Silencer","Zendikar Rising","Near Mint","English","","BIN","59224f9a-deb2-4dd4-b2d4-967232c14254","2025-03-07 03:51:39.594344"
"2","2","Disenchant","Zendikar Rising","Near Mint","English","","BIN","5c37ba56-e22c-4b10-821a-2827c5cd81ad","2025-03-07 03:51:39.594344"
"1","1","Emeria Captain","Zendikar Rising","Near Mint","English","","BIN","6490370e-fff5-4f17-b715-74ff8df5bc7c","2025-03-07 03:51:39.594344"
"1","1","Expedition Champion","Zendikar Rising","Near Mint","English","","BIN","30084dc1-f501-4b7c-972d-1a3b9137083a","2025-03-07 03:51:39.594344"
"2","2","Expedition Healer","Zendikar Rising","Near Mint","English","","BIN","11a00a88-de0e-4012-9ad8-ccb187dff7df","2025-03-07 03:51:39.594344"
"2","2","Expedition Skulker","Zendikar Rising","Near Mint","English","","BIN","2966b1f0-3d30-4d92-87e5-f39ceacefbd2","2025-03-07 03:51:39.594344"
"1","1","Farsight Adept","Zendikar Rising","Near Mint","English","","BIN","5949bb9a-b4e8-4992-a12d-8e31953aff0d","2025-03-07 03:51:39.594344"
"1","1","Fearless Fledgling","Zendikar Rising","Near Mint","English","foil","BIN","02d73eb7-4e76-48d4-90fa-fa972dc0fccb","2025-03-07 03:51:39.594344"
"1","1","Field Research","Zendikar Rising","Near Mint","English","","BIN","a48c3a2f-678b-4e70-a53f-258457d88d29","2025-03-07 03:51:39.594344"
"1","1","Ghastly Gloomhunter","Zendikar Rising","Near Mint","English","foil","BIN","f272ac54-fea8-4044-83e2-f8fdc10f467d","2025-03-07 03:51:39.594344"
"1","1","Joraga Visionary","Zendikar Rising","Near Mint","English","","BIN","a1ea2c17-382a-45e4-ac34-88bf8ba47169","2025-03-07 03:51:39.594344"
"2","2","Living Tempest","Zendikar Rising","Near Mint","English","","BIN","a05ed233-9b53-4c67-ab1c-0217386c9fe4","2025-03-07 03:51:10.920599"
"1","1","Kabira Outrider","Zendikar Rising","Near Mint","English","","BIN","53c81719-f820-4674-9cfb-cd5eaf0c1f0d","2025-03-07 03:51:39.594344"
"1","1","Mesa Lynx","Zendikar Rising","Near Mint","English","foil","BIN","f65af09b-656f-4d81-b95d-b4f902e56bb7","2025-03-07 03:51:39.594344"
"1","1","Mesa Lynx","Zendikar Rising","Near Mint","English","","BIN","f65af09b-656f-4d81-b95d-b4f902e56bb7","2025-03-07 03:51:39.594344"
"2","2","Might of Murasa","Zendikar Rising","Near Mint","English","","BIN","42914fd9-e56e-4c3e-a445-fdfa45a45178","2025-03-07 03:51:39.594344"
"2","2","Nahiri's Binding","Zendikar Rising","Near Mint","English","","BIN","421eac28-d6f2-44f2-b7ca-eb73fbf23887","2025-03-07 03:51:39.594344"
"1","1","Nimana Skitter-Sneak","Zendikar Rising","Near Mint","English","","BIN","ea080141-6262-4595-8058-b2969b3f016b","2025-03-07 03:51:39.594344"
"1","1","Practiced Tactics","Zendikar Rising","Near Mint","English","","BIN","91b448f4-aa0c-42c7-a771-e8dd20e0520c","2025-03-07 03:51:39.594344"
"2","2","Oblivion's Hunger","Zendikar Rising","Near Mint","English","","BIN","faf65512-8228-48f4-ba7b-d861b66d28c9","2025-03-07 03:51:39.594344"
"2","2","Pressure Point","Zendikar Rising","Near Mint","English","","BIN","2fe82bbf-9b92-4684-a42d-fbc50c4c5903","2025-03-07 03:51:39.594344"
"1","1","Seafloor Stalker","Zendikar Rising","Near Mint","English","","BIN","985e9696-6c76-4241-97fc-f166fe2420ce","2025-03-07 03:51:39.594344"
"1","1","Shepherd of Heroes","Zendikar Rising","Near Mint","English","foil","BIN","1f70baa3-5232-4e10-80b4-a9ead6ed6ec3","2025-03-07 03:51:39.594344"
"1","1","Skyclave Pick-Axe","Zendikar Rising","Near Mint","English","foil","BIN","9965a54b-8b22-418c-9a0d-bf154932f2e2","2025-03-07 03:52:25.198621"
"1","1","Spoils of Adventure","Zendikar Rising","Near Mint","English","","BIN","9b3b1ef0-a653-4adb-8112-82d4822446b4","2025-03-07 03:51:39.594344"
"1","1","Thundering Sparkmage","Zendikar Rising","Near Mint","English","","BIN","a9e6de80-3516-426b-8a1b-bda45f8c0cac","2025-03-07 03:51:39.594344"
"1","1","Tormenting Voice","Zendikar Rising","Near Mint","English","","BIN","6da46103-a14c-4aa2-92fc-fd758335caf4","2025-03-07 03:51:39.594344"
"1","1","Utility Knife","Zendikar Rising","Near Mint","English","foil","BIN","1e5c781d-cd89-4671-8fbe-fae82c33357b","2025-03-07 03:51:39.594344"
"2","2","Silundi Vision // Silundi Isle","Zendikar Rising","Near Mint","English","","BIN","11568cdf-6148-494c-8b98-f5ca5797d775","2025-03-07 03:52:25.198621"
"3","3","Pelakka Predation // Pelakka Caverns","Zendikar Rising","Near Mint","English","","BIN","e63f8b20-f45b-4293-9aac-cdc021939be6","2025-03-07 03:51:39.594344"
"1","0","Sevinne's Reclamation","Commander 2019","Near Mint","English","","EDH | Tameshi","7e68f4df-88ce-4e09-a03c-7edf40bff167","2023-04-15 00:16:39.756362"
"1","0","Talisman of Conviction","Modern Horizons","Near Mint","English","","EDH | AkAx","71148fd3-0c2c-459e-b8f5-735a0a8dd87f","2021-12-21 03:49:07.369485"
"1","0","Arid Mesa","Modern Horizons 2 Retro Frame","Near Mint","English","foil","EDH | AkAx","716c415e-5eb8-4644-ac64-5ba7c3f0ea65","2023-03-31 00:37:38.397576"
"1","0","The Wanderer (Alternate Art)","War of the Spark","Near Mint","Japanese","foil","Collection | WAR JP PWs","28037c63-67ec-4a57-9a8c-3ba88127a258","2021-05-30 02:05:02.058572"
"1","0","Yawgmoth, Thran Physician","Dominaria Remastered - Borderless","Near Mint","English","","EDH | Butch","09ed98e1-898b-494b-a27d-7c1ab28cd9f1","2025-02-04 17:21:48.773459"
"1","0","Butch DeLoria, Tunnel Snake","Fallout","Near Mint","English","foil","EDH | Butch","d6ed508c-ff2c-444c-8149-34b29e2fbebe","2025-02-05 01:04:15.819827"
"1","0","Kaya, Bane of the Dead (Alternate Art)","War of the Spark","Near Mint","Japanese","foil","Collection | WAR JP PWs","981850b2-3013-4f12-ab13-6410431585f2","2021-05-30 02:04:34.248990"
"1","0","Snow-Covered Forest","Coldsnap","Near Mint","English","","EDH | Karador","838c915d-8153-43c2-b513-dfbe4e9388a5","2021-05-30 02:05:53.026461"
"1","0","Ugin, the Ineffable (Alternate Art)","War of the Spark","Near Mint","Japanese","foil","Collection | WAR JP PWs","9a7f23ba-1a98-416a-ac97-3f15ed000c60","2021-05-30 02:05:10.478172"
"1","0","Dack Fayden","Eternal Masters","Near Mint","English","","Signed","10158a5e-5a03-41ab-85d2-0907ccf32c9b","2024-05-28 22:36:34.670123"
"4","4","Satyr Wayfinder","Magic 2015 Core Set","Near Mint","English","","BIN","7be07e97-2ffc-40ad-a676-a74b8b680ea1","2025-03-07 03:51:39.594344"
"1","0","Search for Azcanta","Ixalan","Good (Lightly Played)","English","","EDH | Tameshi","1a7e242e-bb48-4134-a1c2-6033713d658f","2024-07-28 20:57:36.048751"
"1","0","Seat of the Synod","Mirrodin","Good (Lightly Played)","English","","EDH | Tameshi","5da5587d-6b6c-4645-8cc9-2866d1e6911b","2022-11-13 01:04:00.110592"
"1","1","Mondrak, Glory Dominus","Phyrexia: All Will Be One - Borderless Ichor","Near Mint","English","foil","BIN","c633ffe8-2198-4d62-969c-9a44a7ca132d","2025-03-03 01:28:13.114845"
"1","1","Leonin Relic-Warder","Mirrodin Besieged","Near Mint","English","","BIN","dd0900e1-df78-466d-b747-33f22c273d67","2025-03-07 03:52:25.198621"
"1","0","Archaeomancer's Map","Commander 2021","Near Mint","English","","EDH | Tameshi","703d0bdc-01a0-4ba8-8536-e7425dfb3b1f","2022-10-29 01:34:56.413375"
"1","1","Dispeller's Capsule","Commander 2021","Near Mint","English","","BIN","ebecd3d1-15ed-4501-89af-4718a212332d","2025-03-07 03:51:39.594344"
"1","1","Ashiok, Dream Render (Alternate Art)","War of the Spark","Near Mint","Japanese","","BIN","3df061ce-dd56-4a11-a932-f16d69f47d3b","2023-09-03 23:04:06.082486"
"1","1","Structural Assault","Streets of New Capenna","Near Mint","English","foil","BIN","cbdb50e3-fe15-4431-b9bd-c4de65820734","2025-03-07 03:51:39.594344"
"1","1","Fanatical Offering","The Lost Caverns of Ixalan","Near Mint","English","foil","","d896dd52-b134-4b55-ab91-ccb05ecc50f4","2025-01-20 23:57:30.008153"
"1","1","Zoyowa's Justice","The Lost Caverns of Ixalan","Near Mint","English","foil","","04839717-d2f9-481d-9d13-e4038dbcbb0e","2024-07-11 01:30:41.783354"
"3","3","Brindle Boar","Magic 2014 Core Set","Near Mint","English","","BIN","a30b4a78-afdd-4067-810e-1fa0ddf8fb0e","2025-03-07 03:51:39.594344"
"5","5","Hidden Herbalists","Aether Revolt","Near Mint","English","","BIN","9ec8db01-415e-42a1-8eb2-57280d58b38e","2025-03-07 03:51:39.594344"
"3","3","Prey Upon","Aether Revolt","Near Mint","English","","BIN","166f0a2d-d660-4ea2-8b2f-143dc1fc0a8e","2025-03-07 03:51:39.594344"
"1","1","Sylvan Ranger","Duel Decks: Ajani vs. Nicol Bolas","Near Mint","English","","BIN","4c2452c7-4acc-4785-8a62-d06c472486e5","2025-03-07 03:51:39.594344"
"5","5","Vampire's Zeal","Ixalan","Near Mint","English","","BIN","88c507f6-c178-40be-bca7-3bd5adb1c5b1","2025-03-07 03:51:39.594344"
"1","1","Bred for the Hunt","Dragon's Maze","Near Mint","English","","BIN","4258a536-2275-45e8-8833-e921ca15c5a7","2025-03-07 03:52:25.198621"
"2","2","Elvish Visionary","Magic 2013","Near Mint","English","","BIN","65ea2998-ed91-43b8-bd81-b01a6c24a5b0","2025-03-07 03:51:39.594344"
"7","7","Deep Freeze","Dominaria","Near Mint","English","","BIN","51765d87-e842-4d84-aaf0-998737fe754c","2025-03-07 03:51:39.594344"
"1","1","Essence Extraction","Kaladesh","Near Mint","English","","BIN","d7693c10-5ebb-4896-bb60-63d03577dd60","2025-03-07 03:51:39.594344"
"3","3","Expedition Envoy","Battle for Zendikar","Near Mint","English","","BIN","41193ef1-1619-4448-9905-26b05079c79a","2025-03-07 03:51:39.594344"
"2","2","Firemantle Mage","Battle for Zendikar","Near Mint","English","","BIN","197411bf-3307-4056-a7d4-31db0d4b8f9a","2025-03-07 03:51:39.594344"
"4","4","Horror of the Broken Lands","Amonkhet","Near Mint","English","","BIN","35828576-124a-45d6-ad4c-af2926314953","2025-03-07 03:51:39.594344"
"2","2","Howling Golem","Dominaria","Near Mint","English","","BIN","775ab60a-2dc1-44fc-8022-f7becd8ee195","2025-03-07 03:51:39.594344"
"4","4","Icy Manipulator","Dominaria","Near Mint","English","","BIN","9fd9b205-817e-4ca4-8a29-3c2b6cbf7207","2025-03-07 03:51:39.594344"
"4","4","Naturalize","Innistrad","Near Mint","English","","BIN","236f1a8c-13ab-4ab3-b11f-082054d297e5","2025-03-07 03:51:39.594344"
"9","9","Voltaic Servant","Dominaria","Near Mint","English","","BIN","28564ac6-8b9b-4b99-9630-8fb3158d354c","2025-03-07 03:51:39.594344"
"2","2","War-Name Aspirant","Khans of Tarkir","Near Mint","English","","BIN","e8d1714b-ff65-4c5c-ad21-b469f2c72286","2025-03-07 03:51:39.594344"
"2","2","Mountain (#265)","Dominaria","Near Mint","English","","BIN","a4f7b582-dc68-4d12-bebd-baf79fd226f0","2025-03-07 03:51:39.594344"
"2","2","Adventurous Impulse","Dominaria","Near Mint","English","","BIN","f426c92c-6e71-49f0-9a91-0d529bf8c17d","2025-03-07 03:51:39.594344"
"1","1","Borderland Ranger","Avacyn Restored","Near Mint","English","","BIN","8f067c26-c51d-44d0-a0af-106b5778f06a","2025-03-07 03:51:39.594344"
"4","4","Chainer's Torment","Dominaria","Near Mint","English","","BIN","f42beafb-2fba-482c-a86a-7d668fa7cb4b","2025-03-07 03:51:39.594344"
"2","2","Chandra's Pyrohelix","Kaladesh","Near Mint","English","","BIN","05659715-3002-4bd0-919e-664814c1ca57","2025-03-07 03:51:39.594344"
"1","1","Flames of the Firebrand","Magic 2013","Near Mint","English","","BIN","aca215b1-7b98-49ce-afae-eeb61058125a","2025-03-07 03:51:39.594344"
"4","4","Giant Growth","Return to Ravnica","Near Mint","English","","BIN","7b1f6503-e4b2-4085-92cd-e9c522b4b10d","2025-03-07 03:51:39.594344"
"1","1","Kird Ape","Eternal Masters","Near Mint","English","","BIN","e14a5c79-29a3-4415-9b70-b287a474a0e0","2025-03-07 03:51:39.594344"
"4","4","Naturalize","Magic 2012","Near Mint","English","","BIN","4bf9c75f-0319-416c-904a-49358f2f943c","2025-03-07 03:51:39.594344"
"1","1","Renegade Wheelsmith","Aether Revolt","Near Mint","English","","BIN","6956a341-10fd-48af-b382-88c2b2934a3e","2025-03-07 03:51:39.594344"
"9","9","Vicious Offering","Dominaria","Near Mint","English","","BIN","aaed7828-57c1-4ad3-a91b-209c66f0876b","2025-03-07 03:51:39.594344"
