"Count","Tradelist Count","Name","Edition","Condition","Language","Foil","Tags","Last Modified","Collector Number","Alter","Proxy","Purchase Price"
"1","1","Academy Rector","uds","Near Mint","English","","","2025-06-09 22:08:39.573000","1","False","True",""
"1","1","Aggravated Assault","mp2","Near Mint","English","foil","","2025-06-09 22:08:39.573000","25","False","True",""
"2","2","Akroma's Memorial","fut","Near Mint","English","","","2025-06-09 22:08:39.573000","159","False","True",""
"1","1","Akroma's Memorial","m13","Near Mint","English","","","2025-06-09 22:08:39.573000","200","False","True",""
"1","1","Allosaurus Shepherd","jmp","Near Mint","English","","","2025-06-09 22:08:39.573000","28","False","True",""
"1","1","Aluren","tmp","Near Mint","English","","","2025-06-09 22:08:39.573000","213","False","True",""
"1","1","Ancestral Vision","tsp","Near Mint","English","","","2025-06-09 22:08:39.573000","48","False","True",""
"1","1","Ancient Copper Dragon","clb","Near Mint","English","","","2025-06-09 22:08:39.573000","368","True","True",""
"1","1","Ancient Tomb","puma","Near Mint","English","foil","","2025-06-09 22:08:39.573000","U31","False","True",""
"1","1","Ancient Tomb","uma","Near Mint","English","","","2025-06-09 22:08:39.573000","236","False","True",""
"1","1","Ancient Tomb","exp","Near Mint","English","foil","","2025-06-09 22:08:39.573000","36","False","True",""
"2","2","Ancient Tomb","tmp","Near Mint","English","","","2025-06-09 22:08:39.573000","315","False","True",""
"3","3","Anointed Procession","akh","Near Mint","English","","","2025-06-09 22:08:39.573000","2","False","True",""
"1","1","Apex Devastator","cmr","Near Mint","English","","","2025-06-09 22:08:39.573000","217","False","True",""
"10","10","Arcane Signet","eld","Near Mint","English","","","2025-06-09 22:08:39.573000","331","False","True",""
"1","1","Arcbound Ravager","dst","Near Mint","English","","","2025-06-09 22:08:39.573000","100","False","True",""
"1","1","Archangel of Thune","m14","Near Mint","English","","","2025-06-09 22:08:39.573000","5","False","True",""
"1","1","Archfiend of Despair","bbd","Near Mint","English","","","2025-06-09 22:08:39.573000","44","False","True",""
"1","1","Arcum Dagsson","csp","Near Mint","English","","","2025-06-09 22:08:39.573000","27","False","True",""
"1","1","Argothian Enchantress","g03","Near Mint","English","foil","","2025-06-09 22:08:39.573000","2","False","True",""
"1","1","Arid Mesa","mm3","Near Mint","English","","","2025-06-09 22:08:39.573000","229","False","True",""
"1","1","Arid Mesa","exp","Near Mint","English","foil","","2025-06-09 22:08:39.573000","24","False","True",""
"1","1","Arid Mesa","slu","Near Mint","English","","","2025-06-09 22:08:39.573000","4","False","True",""
"4","4","Arid Mesa","zen","Near Mint","English","","","2025-06-09 22:08:39.573000","211","False","True",""
"1","1","Arid Mesa","zne","Near Mint","English","foil","","2025-06-09 22:08:39.573000","9","False","True",""
"1","1","Armageddon","mp2","Near Mint","English","foil","","2025-06-09 22:08:39.573000","31","False","True",""
"1","1","Ashcoat of the Shadow Swarm","j22","Near Mint","English","","","2025-06-09 22:08:39.573000","19","False","True",""
"1","1","Assassin's Trophy","grn","Near Mint","English","","","2025-06-09 22:08:39.573000","152","False","True",""
"1","1","Attrition","mp2","Near Mint","English","foil","","2025-06-09 22:08:39.573000","19","False","True",""
"1","1","Aura Shards","inv","Near Mint","English","","","2025-06-09 22:08:39.573000","233","False","True",""
"1","1","Avacyn, Angel of Hope","j17","Near Mint","English","foil","","2025-06-09 22:08:39.573000","1","False","True",""
"2","2","Avacyn, Angel of Hope","avr","Near Mint","English","","","2025-06-09 22:08:39.573000","6","False","True",""
"1","1","Awaken the Woods","bro","Near Mint","English","","","2025-06-09 22:08:39.573000","344","False","True",""
"1","1","Back to Basics","usg","Near Mint","English","","","2025-06-09 22:08:39.573000","62","False","True",""
"1","1","Badlands","leb","Near Mint","English","","","2025-06-09 22:08:39.573000","278","False","True",""
"4","4","Badlands","3ed","Near Mint","English","","","2025-06-09 22:08:39.573000","282","False","True",""
"1","1","Badlands","vma","Near Mint","English","foil","","2025-06-09 22:08:39.573000","291","True","True",""
"1","1","Balefire Dragon","isd","Near Mint","English","","","2025-06-09 22:08:39.573000","129","False","True",""
"1","1","Batterskull","nph","Near Mint","English","","","2025-06-09 22:08:39.573000","130","False","True",""
"1","1","Bayou","vma","Near Mint","English","foil","","2025-06-09 22:08:39.573000","293","True","True",""
"3","3","Bayou","3ed","Near Mint","English","","","2025-06-09 22:08:39.573000","283","False","True",""
"1","1","Bayou","leb","Near Mint","English","","","2025-06-09 22:08:39.573000","279","False","True",""
"1","1","Bazaar of Baghdad","arn","Near Mint","English","","","2025-06-09 22:08:39.573000","70","False","True",""
"1","1","Berserk","leb","Near Mint","English","","","2025-06-09 22:08:39.573000","186","False","True",""
"3","3","Birds of Paradise","rav","Near Mint","English","","","2025-06-09 22:08:39.573000","153","False","True",""
"2","2","Birds of Paradise","leb","Near Mint","English","","","2025-06-09 22:08:39.573000","187","False","True",""
"1","1","Birds of Paradise","7ed","Near Mint","English","foil","","2025-06-09 22:08:39.573000","231★","False","True",""
"1","1","Bitterblossom","mor","Near Mint","English","","","2025-06-09 22:08:39.573000","58","False","True",""
"2","2","Black Market Connections","clb","Near Mint","English","","","2025-06-09 22:08:39.573000","620","False","True",""
"2","2","Blightsteel Colossus","mbs","Near Mint","English","","","2025-06-09 22:08:39.573000","99","False","True",""
"1","1","Blightsteel Colossus","2xm","Near Mint","English","foil","","2025-06-09 22:08:39.573000","357","False","True",""
"2","2","Blood Crypt","rna","Near Mint","English","","","2025-06-09 22:08:39.573000","245","False","True",""
"1","1","Blood Crypt","exp","Near Mint","English","foil","","2025-06-09 22:08:39.573000","8","False","True",""
"1","1","Blood Crypt","unf","Near Mint","English","","","2025-06-09 22:08:39.573000","279","False","True",""
"1","1","Blood Crypt","unf","Near Mint","English","foil","","2025-06-09 22:08:39.573000","530","False","True",""
"1","1","Blood Moon","mma","Near Mint","English","","","2025-06-09 22:08:39.573000","106","False","True",""
"1","1","Blood Moon","drk","Near Mint","English","","","2025-06-09 22:08:39.573000","58","False","True",""
"1","1","Bloodchief Ascension","zen","Near Mint","English","","","2025-06-09 22:08:39.573000","82","False","True",""
"1","1","Bloodghast","zen","Near Mint","English","","","2025-06-09 22:08:39.573000","83","False","True",""
"1","1","Bloodstained Mire","exp","Near Mint","English","foil","","2025-06-09 22:08:39.573000","18","False","True",""
"3","3","Bloodstained Mire","ons","Near Mint","English","","","2025-06-09 22:08:39.573000","313","False","True",""
"2","2","Bloodstained Mire","ktk","Near Mint","English","","","2025-06-09 22:08:39.573000","230","False","True",""
"1","1","Bloodstained Mire","zne","Near Mint","English","","","2025-06-09 22:08:39.573000","3","False","True",""
"1","1","Bloodstained Mire","zne","Near Mint","English","foil","","2025-06-09 22:08:39.573000","3","False","True",""
"1","1","Bloom Tender","eve","Near Mint","English","","","2025-06-09 22:08:39.573000","66","False","True",""
"2","2","Boseiju, Who Endures","neo","Near Mint","English","","","2025-06-09 22:08:39.573000","266","False","True",""
"1","1","Boseiju, Who Shelters All","chk","Near Mint","English","","","2025-06-09 22:08:39.573000","273","False","True",""
"3","3","Bountiful Promenade","bbd","Near Mint","English","","","2025-06-09 22:08:39.573000","81","False","True",""
"1","1","Bramble Sovereign","bbd","Near Mint","English","","","2025-06-09 22:08:39.573000","65","False","True",""
"2","2","Branching Evolution","jmp","Near Mint","English","","","2025-06-09 22:08:39.573000","29","False","True",""
"1","1","Breeding Pool","dis","Near Mint","English","","","2025-06-09 22:08:39.573000","172","False","True",""
"1","1","Breeding Pool","unf","Near Mint","English","foil","","2025-06-09 22:08:39.573000","537","False","True",""
"1","1","Breeding Pool","unf","Near Mint","English","","","2025-06-09 22:08:39.573000","286","False","True",""
"1","1","Breeding Pool","dis","Near Mint","Russian","","","2025-06-09 22:08:39.573000","172","False","True",""
"1","1","Breeding Pool","rna","Near Mint","English","","","2025-06-09 22:08:39.573000","246","False","True",""
"1","1","Breeding Pool","exp","Near Mint","English","foil","","2025-06-09 22:08:39.573000","15","False","True",""
"1","1","Bribery","8ed","Near Mint","English","","","2025-06-09 22:08:39.573000","64","False","True",""
"1","1","Bruvac the Grandiloquent","jmp","Near Mint","English","","","2025-06-09 22:08:39.573000","10","False","True",""
"1","1","Cabal Coffers","tor","Near Mint","English","","","2025-06-09 22:08:39.573000","139","False","True",""
"1","1","Cabal Coffers","f07","Near Mint","English","foil","","2025-06-09 22:08:39.573000","10","False","True",""
"2","2","Cabal Coffers","mh2","Near Mint","English","","","2025-06-09 22:08:39.573000","325","False","True",""
"1","1","Caged Sun","nph","Near Mint","English","","","2025-06-09 22:08:39.573000","132","False","True",""
"2","2","Cavern of Souls","mm3","Near Mint","English","","","2025-06-09 22:08:39.573000","232","False","True",""
"3","3","Cavern of Souls","avr","Near Mint","English","","","2025-06-09 22:08:39.573000","226","False","True",""
"1","1","Celestial Colonnade","wwk","Near Mint","English","","","2025-06-09 22:08:39.573000","133","False","True",""
"1","1","Chains of Mephistopheles","leg","Near Mint","English","","","2025-06-09 22:08:39.573000","91","False","True",""
"1","1","Champion's Helm","mps","Near Mint","English","foil","","2025-06-09 22:08:39.573000","7","False","True",""
"1","1","Chandra, Awakened Inferno","m20","Near Mint","English","","","2025-06-09 22:08:39.573000","127","False","True",""
"1","1","Chandra, Torch of Defiance","kld","Near Mint","English","","","2025-06-09 22:08:39.573000","110","False","True",""
"1","1","Chandra, Torch of Defiance","ps18","Near Mint","English","foil","","2025-06-09 22:08:39.573000","110","False","True",""
"3","3","Chromatic Lantern","grn","Near Mint","English","","","2025-06-09 22:08:39.573000","233","False","True",""
"1","1","Chromatic Lantern","mps","Near Mint","English","foil","","2025-06-09 22:08:39.573000","8","False","True",""
"1","1","Chromatic Orrery","m21","Near Mint","English","","","2025-06-09 22:08:39.573000","382","False","True",""
"1","1","Chrome Mox","mps","Near Mint","English","foil","","2025-06-09 22:08:39.573000","9","False","True",""
"4","4","City of Brass","arn","Near Mint","English","","","2025-06-09 22:08:39.573000","71","False","True",""
"1","1","City of Traitors","exo","Near Mint","English","","","2025-06-09 22:08:39.573000","143","False","True",""
"1","1","Cloud Key","fut","Near Mint","English","","","2025-06-09 22:08:39.573000","160","False","True",""
"1","1","Cloudstone Curio","rav","Near Mint","English","","","2025-06-09 22:08:39.573000","257","False","True",""
"1","1","Cloudstone Curio","mps","Near Mint","English","foil","","2025-06-09 22:08:39.573000","10","False","True",""
"1","1","Command Beacon","c15","Near Mint","English","","","2025-06-09 22:08:39.573000","56","False","True",""
"2","2","Commander's Plate","cmr","Near Mint","English","","","2025-06-09 22:08:39.573000","305","False","True",""
"1","1","Concordant Crossroads","leg","Near Mint","English","","","2025-06-09 22:08:39.573000","179","False","True",""
"2","2","Consecrated Sphinx","mbs","Near Mint","English","","","2025-06-09 22:08:39.573000","21","False","True",""
"1","1","Consecrated Sphinx","sld","Near Mint","English","foil","","2025-06-09 22:08:39.573000","165","False","True",""
"1","1","Contamination","usg","Near Mint","English","","","2025-06-09 22:08:39.573000","123","False","True",""
"1","1","Copy Artifact","3ed","Near Mint","English","","","2025-06-09 22:08:39.573000","53","False","True",""
"1","1","Counterspell","mp2","Near Mint","English","foil","","2025-06-09 22:08:39.573000","10","False","True",""
"1","1","Craterhoof Behemoth","mm3","Near Mint","English","","","2025-06-09 22:08:39.573000","122","False","True",""
"2","2","Craterhoof Behemoth","avr","Near Mint","English","","","2025-06-09 22:08:39.573000","172","False","True",""
"1","1","Crucible of Worlds","5dn","Near Mint","English","","","2025-06-09 22:08:39.573000","114","False","True",""
"2","2","Crypt Ghast","gtc","Near Mint","English","","","2025-06-09 22:08:39.573000","61","False","True",""
"5","5","Cyclonic Rift","2xm","Near Mint","English","","","2025-06-09 22:08:39.573000","339","False","True",""
"1","1","Cyclonic Rift","rtr","Near Mint","English","","","2025-06-09 22:08:39.573000","35","False","True",""
"2","2","Damnation","mm3","Near Mint","English","","","2025-06-09 22:08:39.573000","63","False","True",""
"1","1","Damnation","mp2","Near Mint","English","foil","","2025-06-09 22:08:39.573000","39","False","True",""
"2","2","Dark Confidant","rav","Near Mint","English","","","2025-06-09 22:08:39.573000","81","False","True",""
"1","1","Darksteel Forge","m14","Near Mint","English","","","2025-06-09 22:08:39.573000","206","False","True",""
"2","2","Deadly Rollick","c20","Near Mint","English","","","2025-06-09 22:08:39.573000","42","False","True",""
"1","1","Defense of the Heart","ulg","Near Mint","English","","","2025-06-09 22:08:39.573000","100","False","True",""
"2","2","Deflecting Swat","c20","Near Mint","English","","","2025-06-09 22:08:39.573000","50","True","True",""
"4","4","Deflecting Swat","c20","Near Mint","English","","","2025-06-09 22:08:39.573000","50","False","True",""
"1","1","Demonic Consultation","ice","Near Mint","English","","","2025-06-09 22:08:39.573000","121","False","True",""
"1","1","Demonic Tutor","g08","Near Mint","English","foil","","2025-06-09 22:08:39.573000","3","False","True",""
"1","1","Demonic Tutor","leb","Near Mint","English","","","2025-06-09 22:08:39.573000","105","False","True",""
"1","1","Diamond Valley","arn","Near Mint","English","","","2025-06-09 22:08:39.573000","73","False","True",""
"1","1","Dictate of Erebos","jou","Near Mint","English","","","2025-06-09 22:08:39.573000","65","False","True",""
"8","8","Dockside Extortionist","c19","Near Mint","English","","","2025-06-09 22:08:39.573000","24","False","True",""
"1","1","Doubling Season","mma","Near Mint","English","","","2025-06-09 22:08:39.573000","141","False","True",""
"1","1","Doubling Season","2xm","Near Mint","English","foil","","2025-06-09 22:08:39.573000","350","False","True",""
"1","1","Doubling Season","rav","Near Mint","English","","","2025-06-09 22:08:39.573000","158","False","True",""
"1","1","Dryad Arbor","fut","Near Mint","English","","","2025-06-09 22:08:39.573000","174","False","True",""
"1","1","Dryad of the Ilysian Grove","thb","Near Mint","English","","","2025-06-09 22:08:39.573000","326","False","True",""
"1","1","Earthcraft","tmp","Near Mint","English","","","2025-06-09 22:08:39.573000","222","False","True",""
"1","1","Elder Gargaroth","m21","Near Mint","English","","","2025-06-09 22:08:39.573000","179","False","True",""
"1","1","Elesh Norn, Grand Cenobite","j14","Near Mint","Phyrexian","foil","","2025-06-09 22:08:39.573000","8","False","True",""
"1","1","Elspeth, Sun's Champion","ths","Near Mint","English","","","2025-06-09 22:08:39.573000","9","False","True",""
"1","1","Emeria, the Sky Ruin","zen","Near Mint","English","","","2025-06-09 22:08:39.573000","213","False","True",""
"2","2","Emrakul, the Promised End","emn","Near Mint","English","","","2025-06-09 22:08:39.573000","6","False","True",""
"1","1","Ensnaring Bridge","sth","Near Mint","English","","","2025-06-09 22:08:39.573000","133","False","True",""
"1","1","Ensnaring Bridge","mps","Near Mint","English","foil","","2025-06-09 22:08:39.573000","37","False","True",""
"1","1","Entomb","mp2","Near Mint","English","foil","","2025-06-09 22:08:39.573000","23","False","True",""
"1","1","Esika, God of the Tree // The Prismatic Bridge","khm","Near Mint","English","","","2025-06-09 22:08:39.573000","314","False","True",""
"2","2","Esper Sentinel","mh2","Near Mint","English","","","2025-06-09 22:08:39.573000","12","False","True",""
"1","1","Expropriate","cn2","Near Mint","English","","","2025-06-09 22:08:39.573000","30","False","True",""
"1","1","Extraplanar Lens","mrd","Near Mint","English","","","2025-06-09 22:08:39.573000","169","False","True",""
"1","1","Fable of the Mirror-Breaker // Reflection of Kiki-Jiki","neo","Near Mint","English","","","2025-06-09 22:08:39.573000","357","False","True",""
"4","4","Fabled Passage","eld","Near Mint","English","","","2025-06-09 22:08:39.573000","391","False","True",""
"1","1","Fetid Heath","eve","Near Mint","English","","","2025-06-09 22:08:39.573000","176","False","True",""
"5","5","Fierce Guardianship","c20","Near Mint","English","","","2025-06-09 22:08:39.573000","35","False","True",""
"1","1","Fiery Emancipation","m21","Near Mint","English","","","2025-06-09 22:08:39.573000","366","True","True",""
"1","1","Fiery Islet","mh1","Near Mint","English","","","2025-06-09 22:08:39.573000","238","False","True",""
"1","1","Finale of Devastation","war","Near Mint","English","","","2025-06-09 22:08:39.573000","160","False","True",""
"2","2","Flawless Maneuver","c20","Near Mint","English","","","2025-06-09 22:08:39.573000","26","False","True",""
"1","1","Flooded Strand","exp","Near Mint","English","foil","","2025-06-09 22:08:39.573000","16","False","True",""
"2","2","Flooded Strand","ktk","Near Mint","English","","","2025-06-09 22:08:39.573000","233","False","True",""
"1","1","Flooded Strand","zne","Near Mint","English","","","2025-06-09 22:08:39.573000","1","False","True",""
"1","1","Flooded Strand","zne","Near Mint","English","foil","","2025-06-09 22:08:39.573000","1","False","True",""
"1","1","Flusterstorm","cmd","Near Mint","English","","","2025-06-09 22:08:39.573000","46","False","True",""
"1","1","Food Chain","mmq","Near Mint","English","","","2025-06-09 22:08:39.573000","246","False","True",""
"2","2","Force of Negation","mh1","Near Mint","English","","","2025-06-09 22:08:39.573000","52","False","True",""
"1","1","Force of Vigor","mh1","Near Mint","English","","","2025-06-09 22:08:39.573000","164","False","True",""
"1","1","Force of Will","ema","Near Mint","English","","","2025-06-09 22:08:39.573000","49","False","True",""
"1","1","Force of Will","j14","Near Mint","English","foil","","2025-06-09 22:08:39.573000","4","False","True",""
"1","1","Force of Will","all","Near Mint","English","","","2025-06-09 22:08:39.573000","28","False","True",""
"1","1","Gaddock Teeg","lrw","Near Mint","English","","","2025-06-09 22:08:39.573000","248","False","True",""
"1","1","Gaea's Cradle","jgp","Near Mint","English","foil","","2025-06-09 22:08:39.573000","3","False","True",""
"5","5","Gaea's Cradle","usg","Near Mint","English","","","2025-06-09 22:08:39.573000","321","False","True",""
"1","1","Gauntlet of Power","tsp","Near Mint","English","","","2025-06-09 22:08:39.573000","255","False","True",""
"1","1","Gemstone Caverns","tsp","Near Mint","English","","","2025-06-09 22:08:39.573000","274","False","True",""
"1","1","Gemstone Mine","wth","Near Mint","English","","","2025-06-09 22:08:39.573000","164","False","True",""
"1","1","Gilded Drake","usg","Near Mint","English","","","2025-06-09 22:08:39.573000","76","False","True",""
"1","1","Glen Elendra Archmage","mma","Near Mint","English","","","2025-06-09 22:08:39.573000","47","False","True",""
"1","1","Glimmervoid","mma","Near Mint","English","","","2025-06-09 22:08:39.573000","223","False","True",""
"1","1","Godless Shrine","rna","Near Mint","English","","","2025-06-09 22:08:39.573000","248","False","True",""
"1","1","Godless Shrine","exp","Near Mint","English","foil","","2025-06-09 22:08:39.573000","11","False","True",""
"1","1","Godless Shrine","unf","Near Mint","English","","","2025-06-09 22:08:39.573000","282","False","True",""
"1","1","Godless Shrine","unf","Near Mint","English","foil","","2025-06-09 22:08:39.573000","533","False","True",""
"1","1","Goldspan Dragon","khm","Near Mint","English","","","2025-06-09 22:08:39.573000","139","False","True",""
"3","3","Grave Pact","8ed","Near Mint","English","","","2025-06-09 22:08:39.573000","137","False","True",""
"1","1","Greater Auramancy","shm","Near Mint","English","foil","","2025-06-09 22:08:39.573000","7","False","True",""
"1","1","Greater Auramancy","shm","Near Mint","English","","","2025-06-09 22:08:39.573000","7","False","True",""
"1","1","Greymond, Avacyn's Stalwart","sld","Near Mint","English","foil","","2025-06-09 22:08:39.573000","143","True","True",""
"1","1","Greymond, Avacyn's Stalwart","slx","Near Mint","English","","","2025-06-09 22:08:39.573000","18","True","True",""
"4","4","Grim Monolith","ulg","Near Mint","English","","","2025-06-09 22:08:39.573000","126","False","True",""
"1","1","Grim Tutor","s99","Near Mint","English","","","2025-06-09 22:08:39.573000","79","False","True",""
"2","2","Grove of the Burnwillows","fut","Near Mint","English","","","2025-06-09 22:08:39.573000","176","False","True",""
"3","3","Growing Rites of Itlimoc // Itlimoc, Cradle of the Sun","xln","Near Mint","English","","","2025-06-09 22:08:39.573000","191","False","True",""
"1","1","Hallowed Fountain","unf","Near Mint","English","foil","","2025-06-09 22:08:39.573000","528","False","True",""
"1","1","Hallowed Fountain","unf","Near Mint","English","","","2025-06-09 22:08:39.573000","277","False","True",""
"1","1","Hallowed Fountain","dis","Near Mint","English","","","2025-06-09 22:08:39.573000","174","False","True",""
"1","1","Hallowed Fountain","exp","Near Mint","English","foil","","2025-06-09 22:08:39.573000","6","False","True",""
"1","1","Helm of Obedience","all","Near Mint","English","","","2025-06-09 22:08:39.573000","121","False","True",""
"1","1","Helm of the Host","dom","Near Mint","English","","","2025-06-09 22:08:39.573000","217","False","True",""
"3","3","Herald's Horn","c17","Near Mint","English","","","2025-06-09 22:08:39.573000","53","False","True",""
"3","3","Heroic Intervention","m21","Near Mint","English","","","2025-06-09 22:08:39.573000","375","False","True",""
"1","1","Heroic Intervention","aer","Near Mint","English","","","2025-06-09 22:08:39.573000","109","False","True",""
"1","1","Horizon Canopy","exp","Near Mint","English","foil","","2025-06-09 22:08:39.573000","40","False","True",""
"4","4","Hullbreacher","cmr","Near Mint","English","","","2025-06-09 22:08:39.573000","74","False","True",""
"1","1","Hurricane","sum","Near Mint","English","","","2025-06-09 22:08:39.573000","202","False","True",""
"1","1","Imperial Recruiter","ptk","Near Mint","English","","","2025-06-09 22:08:39.573000","113","False","True",""
"1","1","Imperial Recruiter","a25","Near Mint","English","","","2025-06-09 22:08:39.573000","136","False","True",""
"1","1","Imperial Seal","j16","Near Mint","English","foil","","2025-06-09 22:08:39.573000","6","False","True",""
"1","1","Imperial Seal","ptk","Near Mint","English","","","2025-06-09 22:08:39.573000","78","False","True",""
"1","1","Imp's Mischief","plc","Near Mint","English","","","2025-06-09 22:08:39.573000","72","False","True",""
"1","1","Inkmoth Nexus","sld","Near Mint","English","","","2025-06-09 22:08:39.573000","45","True","True",""
"1","1","Inkmoth Nexus","mbs","Near Mint","English","","","2025-06-09 22:08:39.573000","145","False","True",""
"1","1","Intruder Alarm","8ed","Near Mint","English","","","2025-06-09 22:08:39.573000","86","False","True",""
"1","1","Jace, the Mind Sculptor","wwk","Near Mint","English","","","2025-06-09 22:08:39.573000","31","False","True",""
"1","1","Jeska's Will","cmr","Near Mint","English","foil","","2025-06-09 22:08:39.573000","668","True","True",""
"1","1","Jeska's Will","cmr","Near Mint","English","foil","","2025-06-09 22:08:39.573000","668","False","True",""
"1","1","Jet Medallion","tmp","Near Mint","English","","","2025-06-09 22:08:39.573000","292","False","True",""
"1","1","Jeweled Lotus","cmr","Near Mint","English","foil","","2025-06-09 22:08:39.573000","695","False","True",""
"12","12","Jeweled Lotus","cmr","Near Mint","English","","","2025-06-09 22:08:39.573000","695","False","True",""
"1","1","Kalitas, Traitor of Ghet","ogw","Near Mint","English","","","2025-06-09 22:08:39.573000","86","False","True",""
"1","1","Karn, the Great Creator","war","Near Mint","English","","","2025-06-09 22:08:39.573000","1","False","True",""
"1","1","Ketria Triome","iko","Near Mint","English","","","2025-06-09 22:08:39.573000","310","False","True",""
"1","1","Kokusho, the Evening Star","chk","Near Mint","English","","","2025-06-09 22:08:39.573000","122","False","True",""
"1","1","Kozilek, Butcher of Truth","roe","Near Mint","English","","","2025-06-09 22:08:39.573000","6","False","True",""
"1","1","Krark-Clan Ironworks","5dn","Near Mint","English","","","2025-06-09 22:08:39.573000","134","False","True",""
"1","1","Kroxa, Titan of Death's Hunger","thb","Near Mint","English","","","2025-06-09 22:08:39.573000","221","False","True",""
"1","1","K'rrik, Son of Yawgmoth","c19","Near Mint","English","","","2025-06-09 22:08:39.573000","18","False","True",""
"2","2","Land Tax","leg","Near Mint","English","","","2025-06-09 22:08:39.573000","26","False","True",""
"1","1","Leyline of Sanctity","m11","Near Mint","English","","","2025-06-09 22:08:39.573000","21","False","True",""
"1","1","Leyline of the Void","gpt","Near Mint","English","","","2025-06-09 22:08:39.573000","52","False","True",""
"1","1","Lightning Greaves","mps","Near Mint","English","foil","","2025-06-09 22:08:39.573000","14","False","True",""
"4","4","Lightning Greaves","mrd","Near Mint","English","","","2025-06-09 22:08:39.573000","199","False","True",""
"1","1","Liliana of the Veil","mm3","Near Mint","English","","","2025-06-09 22:08:39.573000","76","False","True",""
"1","1","Liliana, Dreadhorde General","war","Near Mint","English","","","2025-06-09 22:08:39.573000","97","False","True",""
"1","1","Linvala, Keeper of Silence","roe","Near Mint","English","","","2025-06-09 22:08:39.573000","33","False","True",""
"1","1","Lion's Eye Diamond","mir","Near Mint","English","","","2025-06-09 22:08:39.573000","307","False","True",""
"1","1","Lita, Mechanical Engineer","j22","Near Mint","English","","","2025-06-09 22:08:39.573000","6","False","True",""
"1","1","Living Plane","leg","Near Mint","English","","","2025-06-09 22:08:39.573000","193","False","True",""
"1","1","Luminous Broodmoth","iko","Near Mint","English","","","2025-06-09 22:08:39.573000","371","False","True",""
"2","2","Luxury Suite","bbd","Near Mint","English","","","2025-06-09 22:08:39.573000","82","False","True",""
"1","1","Magus of the Moon","fut","Near Mint","English","","","2025-06-09 22:08:39.573000","101","False","True",""
"1","1","Mana Confluence","exp","Near Mint","English","foil","","2025-06-09 22:08:39.573000","42","False","True",""
"2","2","Mana Confluence","jou","Near Mint","English","","","2025-06-09 22:08:39.573000","163","False","True",""
"2","2","Mana Crypt","phpr","Near Mint","English","","","2025-06-09 22:08:39.573000","5","False","True",""
"9","9","Mana Crypt","ema","Near Mint","English","","","2025-06-09 22:08:39.573000","225","False","True",""
"2","2","Mana Crypt","2xm","Near Mint","English","","","2025-06-09 22:08:39.573000","361","False","True",""
"3","3","Mana Crypt","2xm","Near Mint","English","","","2025-06-09 22:08:39.573000","270","False","True",""
"1","1","Mana Crypt","mps","Near Mint","English","foil","","2025-06-09 22:08:39.573000","16","False","True",""
"1","1","Mana Drain","j16","Near Mint","English","foil","","2025-06-09 22:08:39.573000","2","False","True",""
"2","2","Mana Drain","ima","Near Mint","English","","","2025-06-09 22:08:39.573000","65","False","True",""
"1","1","Mana Drain","cmr","Near Mint","English","","","2025-06-09 22:08:39.573000","637","False","True",""
"1","1","Mana Reflection","shm","Near Mint","English","","","2025-06-09 22:08:39.573000","122","False","True",""
"1","1","Mana Vault","puma","Near Mint","English","foil","","2025-06-09 22:08:39.573000","U29","False","True",""
"5","5","Mana Vault","uma","Near Mint","English","","","2025-06-09 22:08:39.573000","229","False","True",""
"1","1","Mana Vault","2ed","Near Mint","English","","","2025-06-09 22:08:39.573000","260","False","True",""
"1","1","Mana Vault","mps","Near Mint","English","foil","","2025-06-09 22:08:39.573000","17","False","True",""
"1","1","Marsh Flats","mm3","Near Mint","English","","","2025-06-09 22:08:39.573000","239","False","True",""
"1","1","Marsh Flats","exp","Near Mint","English","foil","","2025-06-09 22:08:39.573000","21","False","True",""
"2","2","Marsh Flats","slu","Near Mint","English","","","2025-06-09 22:08:39.573000","1","False","True",""
"2","2","Marsh Flats","zen","Near Mint","English","","","2025-06-09 22:08:39.573000","219","False","True",""
"1","1","Marsh Flats","zne","Near Mint","English","foil","","2025-06-09 22:08:39.573000","6","False","True",""
"1","1","Master Transmuter","arc","Near Mint","English","","","2025-06-09 22:08:39.573000","7","False","True",""
"1","1","Meddling Mage","arb","Near Mint","English","","","2025-06-09 22:08:39.573000","8","False","True",""
"1","1","Mesmeric Orb","mrd","Near Mint","English","","","2025-06-09 22:08:39.573000","204","False","True",""
"1","1","Metalworker","uds","Near Mint","English","","","2025-06-09 22:08:39.573000","135","False","True",""
"3","3","Mikaeus, the Unhallowed","dka","Near Mint","English","","","2025-06-09 22:08:39.573000","70","False","True",""
"1","1","Mirari's Wake","cns","Near Mint","English","","","2025-06-09 22:08:39.573000","189","False","True",""
"1","1","Mishra's Bauble","csp","Near Mint","English","","","2025-06-09 22:08:39.573000","138","False","True",""
"2","2","Mishra's Workshop","atq","Near Mint","English","","","2025-06-09 22:08:39.573000","81","False","True",""
"1","1","Misty Rainforest","zne","Near Mint","English","","","2025-06-09 22:08:39.573000","10","False","True",""
"1","1","Misty Rainforest","zne","Near Mint","English","foil","","2025-06-09 22:08:39.573000","10","False","True",""
"4","4","Misty Rainforest","zen","Near Mint","English","","","2025-06-09 22:08:39.573000","220","False","True",""
"1","1","Misty Rainforest","exp","Near Mint","English","foil","","2025-06-09 22:08:39.573000","25","False","True",""
"1","1","Misty Rainforest","mm3","Near Mint","English","","","2025-06-09 22:08:39.573000","240","False","True",""
"2","2","Moat","leg","Near Mint","English","","","2025-06-09 22:08:39.573000","28","False","True",""
"1","1","Monastery Mentor","frf","Near Mint","English","","","2025-06-09 22:08:39.573000","20","False","True",""
"2","2","Morphic Pool","bbd","Near Mint","English","","","2025-06-09 22:08:39.573000","83","False","True",""
"1","1","Mountain","mid","Near Mint","English","","","2025-06-09 22:08:39.573000","274","True","True",""
"1","1","Mountain","mid","Near Mint","English","foil","","2025-06-09 22:08:39.573000","274","True","True",""
"2","2","Mox Amber","dom","Near Mint","English","","","2025-06-09 22:08:39.573000","224","False","True",""
"3","3","Mox Amber","brr","Near Mint","English","","","2025-06-09 22:08:39.573000","98","False","True",""
"1","1","Mox Diamond","v10","Near Mint","English","foil","","2025-06-09 22:08:39.573000","10","False","True",""
"3","3","Mox Diamond","sth","Near Mint","English","","","2025-06-09 22:08:39.573000","138","False","True",""
"2","2","Mox Opal","som","Near Mint","English","","","2025-06-09 22:08:39.573000","179","False","True",""
"1","1","Mox Opal","mm2","Near Mint","English","","","2025-06-09 22:08:39.573000","223","False","True",""
"3","3","Mox Opal","2xm","Near Mint","English","","","2025-06-09 22:08:39.573000","362","False","True",""
"1","1","Mox Opal","mps","Near Mint","English","foil","","2025-06-09 22:08:39.573000","19","False","True",""
"1","1","Mycosynth Lattice","dst","Near Mint","English","","","2025-06-09 22:08:39.573000","130","False","True",""
"1","1","Myrel, Shield of Argive","bro","Near Mint","English","","","2025-06-09 22:08:39.573000","305","False","True",""
"1","1","Mystic Gate","exp","Near Mint","English","foil","","2025-06-09 22:08:39.573000","26","False","True",""
"1","1","Mystic Gate","shm","Near Mint","English","","","2025-06-09 22:08:39.573000","277","False","True",""
"1","1","Mystical Tutor","mir","Near Mint","English","","","2025-06-09 22:08:39.573000","80","False","True",""
"1","1","Natural Order","g10","Near Mint","English","foil","","2025-06-09 22:08:39.573000","2","False","True",""
"1","1","Neheb, the Eternal","hou","Near Mint","English","foil","","2025-06-09 22:08:39.573000","104","True","True",""
"1","1","Nether Void","leg","Near Mint","English","","","2025-06-09 22:08:39.573000","113","False","True",""
"1","1","No Mercy","mp2","Near Mint","English","foil","","2025-06-09 22:08:39.573000","43","False","True",""
"1","1","Noble Hierarch","con","Near Mint","Russian","","","2025-06-09 22:08:39.573000","87","False","True",""
"1","1","Noble Hierarch","con","Near Mint","English","","","2025-06-09 22:08:39.573000","87","False","True",""
"1","1","Null Rod","wth","Near Mint","English","","","2025-06-09 22:08:39.573000","154","False","True",""
"1","1","Nurturing Peatland","mh1","Near Mint","English","","","2025-06-09 22:08:39.573000","243","False","True",""
"2","2","Nykthos, Shrine to Nyx","ppro","Near Mint","English","","","2025-06-09 22:08:39.573000","2022-3","False","True",""
"6","6","Nykthos, Shrine to Nyx","ths","Near Mint","English","","","2025-06-09 22:08:39.573000","223","False","True",""
"2","2","Nyxbloom Ancient","thb","Near Mint","English","","","2025-06-09 22:08:39.573000","330","False","True",""
"1","1","Oboro, Palace in the Clouds","sok","Near Mint","English","","","2025-06-09 22:08:39.573000","164","False","True",""
"1","1","Oko, Thief of Crowns","eld","Near Mint","English","foil","","2025-06-09 22:08:39.573000","271","False","True",""
"1","1","Oko, Thief of Crowns","eld","Near Mint","English","","","2025-06-09 22:08:39.573000","271","False","True",""
"3","3","Old Gnawbone","afr","Near Mint","English","","","2025-06-09 22:08:39.573000","296","False","True",""
"1","1","Omniscience","mp2","Near Mint","English","foil","","2025-06-09 22:08:39.573000","34","False","True",""
"1","1","Opalescence","uds","Near Mint","English","","","2025-06-09 22:08:39.573000","13","False","True",""
"1","1","Opposition Agent","cmr","Near Mint","English","","","2025-06-09 22:08:39.573000","141","False","True",""
"1","1","Oracle of Mul Daya","zen","Near Mint","English","","","2025-06-09 22:08:39.573000","172","False","True",""
"1","1","Overgrown Tomb","unf","Near Mint","English","foil","","2025-06-09 22:08:39.573000","535","False","True",""
"1","1","Overgrown Tomb","unf","Near Mint","English","","","2025-06-09 22:08:39.573000","284","False","True",""
"1","1","Overgrown Tomb","exp","Near Mint","English","foil","","2025-06-09 22:08:39.573000","13","False","True",""
"2","2","Overgrown Tomb","grn","Near Mint","English","","","2025-06-09 22:08:39.573000","253","False","True",""
"1","1","Pact of Negation","mp2","Near Mint","English","foil","","2025-06-09 22:08:39.573000","16","False","True",""
"1","1","Pact of Negation","fut","Near Mint","English","","","2025-06-09 22:08:39.573000","42","False","True",""
"1","1","Palinchron","ulg","Near Mint","English","","","2025-06-09 22:08:39.573000","38","True","True",""
"1","1","Palinchron","ulg","Near Mint","English","","","2025-06-09 22:08:39.573000","38","False","True",""
"1","1","Paradox Engine","aer","Near Mint","English","","","2025-06-09 22:08:39.573000","169","False","True",""
"1","1","Parallel Lives","isd","Near Mint","English","","","2025-06-09 22:08:39.573000","199","False","True",""
"1","1","Personal Tutor","por","Near Mint","English","","","2025-06-09 22:08:39.573000","64","False","True",""
"1","1","Phantasmal Image","mm3","Near Mint","English","","","2025-06-09 22:08:39.573000","46","False","True",""
"4","4","Phyrexian Altar","inv","Near Mint","English","","","2025-06-09 22:08:39.573000","306","False","True",""
"2","2","Phyrexian Dreadnought","mir","Near Mint","English","","","2025-06-09 22:08:39.573000","315","True","True",""
"1","1","Phyrexian Dreadnought","mir","Near Mint","English","","","2025-06-09 22:08:39.573000","315","False","True",""
"1","1","Phyrexian Metamorph","nph","Near Mint","English","","","2025-06-09 22:08:39.573000","42","False","True",""
"1","1","Phyrexian Obliterator","nph","Near Mint","English","","","2025-06-09 22:08:39.573000","68","False","True",""
"3","3","Phyrexian Tower","usg","Near Mint","English","","","2025-06-09 22:08:39.573000","322","False","True",""
"1","1","Planar Bridge","mps","Near Mint","English","foil","","2025-06-09 22:08:39.573000","45","False","True",""
"1","1","Plateau","vma","Near Mint","English","foil","","2025-06-09 22:08:39.573000","308","True","True",""
"1","1","Plateau","3ed","Near Mint","English","","","2025-06-09 22:08:39.573000","284","False","True",""
"1","1","Plateau","leb","Near Mint","English","","","2025-06-09 22:08:39.573000","280","False","True",""
"1","1","Platinum Emperion","som","Near Mint","English","","","2025-06-09 22:08:39.573000","193","False","True",""
"1","1","Polluted Delta","zne","Near Mint","English","","","2025-06-09 22:08:39.573000","2","False","True",""
"1","1","Polluted Delta","exp","Near Mint","English","foil","","2025-06-09 22:08:39.573000","17","False","True",""
"4","4","Polluted Delta","ktk","Near Mint","English","","","2025-06-09 22:08:39.573000","239","False","True",""
"1","1","Polluted Delta","zne","Near Mint","English","foil","","2025-06-09 22:08:39.573000","2","False","True",""
"1","1","Portal to Phyrexia","bro","Near Mint","English","","","2025-06-09 22:08:39.573000","365","False","True",""
"1","1","Power Artifact","atq","Near Mint","English","","","2025-06-09 22:08:39.573000","11","False","True",""
"1","1","Primal Vigor","c13","Near Mint","English","","","2025-06-09 22:08:39.573000","162","False","True",""
"8","8","Prismatic Vista","mh1","Near Mint","English","","","2025-06-09 22:08:39.573000","244","False","True",""
"1","1","Queen Marchesa","cn2","Near Mint","English","","","2025-06-09 22:08:39.573000","78","False","True",""
"1","1","Questing Beast","eld","Near Mint","English","","","2025-06-09 22:08:39.573000","372","False","True",""
"1","1","Ragavan, Nimble Pilferer","mh2","Near Mint","English","","","2025-06-09 22:08:39.573000","315","False","True",""
"1","1","Raugrin Triome","iko","Near Mint","English","","","2025-06-09 22:08:39.573000","311","False","True",""
"1","1","Ravages of War","ptk","Near Mint","English","","","2025-06-09 22:08:39.573000","17","False","True",""
"1","1","Razaketh, the Foulblooded","hou","Near Mint","English","","","2025-06-09 22:08:39.573000","73","False","True",""
"1","1","Reanimate","tmp","Near Mint","English","","","2025-06-09 22:08:39.573000","151","False","True",""
"5","5","Reflecting Pool","tmp","Near Mint","English","","","2025-06-09 22:08:39.573000","322","False","True",""
"1","1","Reflecting Pool","j19","Near Mint","English","foil","","2025-06-09 22:08:39.573000","8","False","True",""
"1","1","Reflecting Pool","cns","Near Mint","English","foil","","2025-06-09 22:08:39.573000","210","False","True",""
"1","1","Reflecting Pool","shm","Near Mint","English","","","2025-06-09 22:08:39.573000","278","False","True",""
"1","1","Rejuvenating Springs","cmr","Near Mint","English","","","2025-06-09 22:08:39.573000","354","False","True",""
"1","1","Replenish","uds","Near Mint","English","","","2025-06-09 22:08:39.573000","15","False","True",""
"1","1","Resplendent Angel","m19","Near Mint","English","","","2025-06-09 22:08:39.573000","34","False","True",""
"1","1","Rhys the Redeemed","shm","Near Mint","English","","","2025-06-09 22:08:39.573000","237","False","True",""
"1","1","Rhystic Study","j18","Near Mint","English","foil","","2025-06-09 22:08:39.573000","7","False","True",""
"6","6","Rhystic Study","pcy","Near Mint","English","","","2025-06-09 22:08:39.573000","45","False","True",""
"1","1","Rings of Brighthearth","mps","Near Mint","English","foil","","2025-06-09 22:08:39.573000","21","False","True",""
"1","1","Rings of Brighthearth","lrw","Near Mint","English","","","2025-06-09 22:08:39.573000","259","False","True",""
"1","1","Rootpath Purifier","brc","Near Mint","English","","","2025-06-09 22:08:39.573000","44","False","True",""
"1","1","Sacred Foundry","unf","Near Mint","English","foil","","2025-06-09 22:08:39.573000","536","False","True",""
"1","1","Sacred Foundry","unf","Near Mint","English","","","2025-06-09 22:08:39.573000","285","False","True",""
"1","1","Sacred Foundry","exp","Near Mint","English","foil","","2025-06-09 22:08:39.573000","14","False","True",""
"1","1","Sacred Foundry","grn","Near Mint","English","","","2025-06-09 22:08:39.573000","254","False","True",""
"1","1","Sakashima of a Thousand Faces","cmr","Near Mint","English","","","2025-06-09 22:08:39.573000","89","False","True",""
"1","1","Sakashima's Student","pc2","Near Mint","English","","","2025-06-09 22:08:39.573000","24","False","True",""
"1","1","Savai Triome","iko","Near Mint","English","","","2025-06-09 22:08:39.573000","312","False","True",""
"1","1","Savannah","vma","Near Mint","English","foil","","2025-06-09 22:08:39.573000","311","True","True",""
"1","1","Savannah","3ed","Near Mint","English","","","2025-06-09 22:08:39.573000","285","False","True",""
"1","1","Savannah","2ed","Near Mint","English","","","2025-06-09 22:08:39.573000","281","False","True",""
"2","2","Savannah","leb","Near Mint","English","","","2025-06-09 22:08:39.573000","281","False","True",""
"1","1","Scalding Tarn","mm3","Near Mint","English","","","2025-06-09 22:08:39.573000","244","False","True",""
"1","1","Scalding Tarn","exp","Near Mint","English","foil","","2025-06-09 22:08:39.573000","22","False","True",""
"1","1","Scalding Tarn","slu","Near Mint","English","","","2025-06-09 22:08:39.573000","2","False","True",""
"4","4","Scalding Tarn","zen","Near Mint","English","","","2025-06-09 22:08:39.573000","223","False","True",""
"1","1","Scalding Tarn","zne","Near Mint","English","foil","","2025-06-09 22:08:39.573000","7","False","True",""
"1","1","Scourge of the Throne","cns","Near Mint","English","","","2025-06-09 22:08:39.573000","35","False","True",""
"1","1","Scroll Rack","tmp","Near Mint","English","","","2025-06-09 22:08:39.573000","308","False","True",""
"1","1","Scrubland","vma","Near Mint","English","foil","","2025-06-09 22:08:39.573000","313","True","True",""
"1","1","Scrubland","3ed","Near Mint","English","","","2025-06-09 22:08:39.573000","286","False","True",""
"1","1","Scrubland","2ed","Near Mint","English","","","2025-06-09 22:08:39.573000","282","False","True",""
"1","1","Scrubland","leb","Near Mint","English","","","2025-06-09 22:08:39.573000","282","False","True",""
"1","1","Sea of Clouds","bbd","Near Mint","English","","","2025-06-09 22:08:39.573000","84","False","True",""
"1","1","Sensei's Divining Top","ema","Near Mint","English","","","2025-06-09 22:08:39.573000","232","False","True",""
"1","1","Serra Paragon","dmu","Near Mint","English","","","2025-06-09 22:08:39.573000","388","False","True",""
"1","1","Serra's Sanctum","usg","Near Mint","English","","","2025-06-09 22:08:39.573000","325","False","True",""
"1","1","Shadowspear","thb","Near Mint","English","foil","","2025-06-09 22:08:39.573000","345","False","True",""
"1","1","Shadowspear","thb","Near Mint","English","","","2025-06-09 22:08:39.573000","345","False","True",""
"1","1","Shark Typhoon","iko","Near Mint","English","","","2025-06-09 22:08:39.573000","319","False","True",""
"2","2","Sheoldred, the Apocalypse","dmu","Near Mint","English","","","2025-06-09 22:08:39.573000","107","False","True",""
"1","1","Shinka, the Bloodsoaked Keep","chk","Near Mint","English","","","2025-06-09 22:08:39.573000","282","False","True",""
"1","1","Sigarda, Host of Herons","puma","Near Mint","English","foil","","2025-06-09 22:08:39.573000","U25","False","True",""
"1","1","Slaughter Pact","fut","Near Mint","English","","","2025-06-09 22:08:39.573000","78","False","True",""
"1","1","Sliver Hivelord","m15","Near Mint","English","","","2025-06-09 22:08:39.573000","211","False","True",""
"1","1","Sliver Legion","fut","Near Mint","English","","","2025-06-09 22:08:39.573000","158","False","True",""
"1","1","Sliver Queen","sth","Near Mint","English","","","2025-06-09 22:08:39.573000","129","False","True",""
"4","4","Slug","tvow","Near Mint","English","","","2025-06-09 22:08:39.573000","6","True","True",""
"1","1","Smothering Tithe","rna","Near Mint","English","foil","","2025-06-09 22:08:39.573000","22","False","True",""
"3","3","Smothering Tithe","rna","Near Mint","English","","","2025-06-09 22:08:39.573000","22","False","True",""
"1","1","Smothering Tithe","rna","Near Mint","English","foil","","2025-06-09 22:08:39.573000","22","True","True",""
"1","1","Snapcaster Mage","isd","Near Mint","English","","","2025-06-09 22:08:39.573000","78","False","True",""
"1","1","Sneak Attack","usg","Near Mint","English","","","2025-06-09 22:08:39.573000","218","False","True",""
"1","1","Sol Ring","mps","Near Mint","English","foil","","2025-06-09 22:08:39.573000","24","False","True",""
"1","1","Sower of Discord","c18","Near Mint","English","","","2025-06-09 22:08:39.573000","19","False","True",""
"1","1","Spellseeker","j20","Near Mint","English","foil","","2025-06-09 22:08:39.573000","3","False","True",""
"1","1","Spellskite","nph","Near Mint","English","","","2025-06-09 22:08:39.573000","159","False","True",""
"1","1","Sphere of Resistance","exo","Near Mint","English","","","2025-06-09 22:08:39.573000","139","False","True",""
"3","3","Spire Garden","bbd","Near Mint","English","","","2025-06-09 22:08:39.573000","85","False","True",""
"1","1","Static Orb","tmp","Near Mint","English","","","2025-06-09 22:08:39.573000","310","False","True",""
"1","1","Steam Vents","unf","Near Mint","English","foil","","2025-06-09 22:08:39.573000","534","False","True",""
"1","1","Steam Vents","unf","Near Mint","English","","","2025-06-09 22:08:39.573000","283","False","True",""
"2","2","Steam Vents","gpt","Near Mint","English","","","2025-06-09 22:08:39.573000","164","False","True",""
"1","1","Steam Vents","exp","Near Mint","English","foil","","2025-06-09 22:08:39.573000","12","False","True",""
"1","1","Steelshaper's Gift","5dn","Near Mint","English","","","2025-06-09 22:08:39.573000","19","False","True",""
"1","1","Steely Resolve","ons","Near Mint","English","","","2025-06-09 22:08:39.573000","286","False","True",""
"1","1","Stomping Ground","unf","Near Mint","English","foil","","2025-06-09 22:08:39.573000","531","False","True",""
"1","1","Stomping Ground","unf","Near Mint","English","","","2025-06-09 22:08:39.573000","280","False","True",""
"2","2","Stomping Ground","gpt","Near Mint","English","","","2025-06-09 22:08:39.573000","165","False","True",""
"1","1","Stomping Ground","exp","Near Mint","English","foil","","2025-06-09 22:08:39.573000","9","False","True",""
"2","2","Stomping Ground","rna","Near Mint","English","","","2025-06-09 22:08:39.573000","259","False","True",""
"1","1","Stoneforge Mystic","wwk","Near Mint","English","","","2025-06-09 22:08:39.573000","20","False","True",""
"1","1","Stoneforge Mystic","2xm","Near Mint","English","","","2025-06-09 22:08:39.573000","337","False","True",""
"1","1","Strip Mine","exp","Near Mint","English","foil","","2025-06-09 22:08:39.573000","43","False","True",""
"2","2","Strip Mine","atq","Near Mint","English","","","2025-06-09 22:08:39.573000","82c","False","True",""
"1","1","Sudden Substitution","c19","Near Mint","English","","","2025-06-09 22:08:39.573000","11","False","True",""
"1","1","Sunken Ruins","shm","Near Mint","English","","","2025-06-09 22:08:39.573000","280","False","True",""
"1","1","Survival of the Fittest","g09","Near Mint","English","foil","","2025-06-09 22:08:39.573000","4","False","True",""
"2","2","Swan Song","ths","Near Mint","English","","","2025-06-09 22:08:39.573000","65","False","True",""
"1","1","Sword of Body and Mind","2xm","Near Mint","English","","","2025-06-09 22:08:39.573000","363","False","True",""
"1","1","Sword of Body and Mind","mps","Near Mint","English","foil","","2025-06-09 22:08:39.573000","50","False","True",""
"1","1","Sword of Feast and Famine","2xm","Near Mint","English","","","2025-06-09 22:08:39.573000","364","False","True",""
"1","1","Sword of Feast and Famine","mps","Near Mint","English","foil","","2025-06-09 22:08:39.573000","28","False","True",""
"1","1","Sword of Fire and Ice","2xm","Near Mint","English","","","2025-06-09 22:08:39.573000","365","False","True",""
"1","1","Sword of Fire and Ice","mps","Near Mint","English","foil","","2025-06-09 22:08:39.573000","29","False","True",""
"1","1","Sword of Hearth and Home","mh2","Near Mint","English","","","2025-06-09 22:08:39.573000","324","False","True",""
"1","1","Sword of Light and Shadow","2xm","Near Mint","English","","","2025-06-09 22:08:39.573000","366","False","True",""
"1","1","Sword of Light and Shadow","mps","Near Mint","English","foil","","2025-06-09 22:08:39.573000","30","False","True",""
"1","1","Sword of Sinew and Steel","mh1","Near Mint","English","","","2025-06-09 22:08:39.573000","228","False","True",""
"1","1","Sword of Truth and Justice","mh1","Near Mint","English","foil","","2025-06-09 22:08:39.573000","229","False","True",""
"2","2","Sword of Truth and Justice","mh1","Near Mint","English","","","2025-06-09 22:08:39.573000","229","False","True",""
"1","1","Sword of War and Peace","2xm","Near Mint","English","","","2025-06-09 22:08:39.573000","367","False","True",""
"1","1","Sword of War and Peace","mps","Near Mint","English","foil","","2025-06-09 22:08:39.573000","51","False","True",""
"1","1","Sylvan Library","leg","Near Mint","English","","","2025-06-09 22:08:39.573000","207","False","True",""
"1","1","Sylvan Tutor","por","Near Mint","English","","","2025-06-09 22:08:39.573000","188","False","True",""
"1","1","Taiga","leb","Near Mint","English","","","2025-06-09 22:08:39.573000","283","False","True",""
"4","4","Taiga","3ed","Near Mint","English","","","2025-06-09 22:08:39.573000","287","False","True",""
"1","1","Taiga","vma","Near Mint","English","foil","","2025-06-09 22:08:39.573000","317","True","True",""
"1","1","Taiga","fbb","Near Mint","German","","","2025-06-09 22:08:39.573000","287","False","True",""
"1","1","Tainted Pact","ody","Near Mint","English","","","2025-06-09 22:08:39.573000","164","False","True",""
"1","1","Tawnos's Coffin","atq","Near Mint","English","","","2025-06-09 22:08:39.573000","68","False","True",""
"1","1","Teferi, Hero of Dominaria","dom","Near Mint","English","","","2025-06-09 22:08:39.573000","207","False","True",""
"1","1","Teferi, Master of Time","m21","Near Mint","English","","","2025-06-09 22:08:39.573000","281","False","True",""
"1","1","Teferi's Protection","sta","Near Mint","English","","","2025-06-09 22:08:39.573000","11","False","True",""
"2","2","Teferi's Protection","c17","Near Mint","English","","","2025-06-09 22:08:39.573000","8","False","True",""
"1","1","Temple Garden","unf","Near Mint","English","foil","","2025-06-09 22:08:39.573000","532","False","True",""
"1","1","Temple Garden","unf","Near Mint","English","","","2025-06-09 22:08:39.573000","281","False","True",""
"1","1","Temple Garden","exp","Near Mint","English","foil","","2025-06-09 22:08:39.573000","10","False","True",""
"1","1","Temple Garden","grn","Near Mint","English","","","2025-06-09 22:08:39.573000","258","False","True",""
"2","2","Terror of the Peaks","m21","Near Mint","English","","","2025-06-09 22:08:39.573000","369","False","True",""
"1","1","Tezzeret, Agent of Bolas","mbs","Near Mint","English","","","2025-06-09 22:08:39.573000","97","False","True",""
"1","1","Tezzeret, Artifice Master","m19","Near Mint","English","","","2025-06-09 22:08:39.573000","79","False","True",""
"1","1","Thassa, Deep-Dwelling","thb","Near Mint","English","","","2025-06-09 22:08:39.573000","71","False","True",""
"1","1","Thassa, Deep-Dwelling","thb","Near Mint","English","","","2025-06-09 22:08:39.573000","261","False","True",""
"1","1","The Abyss","leg","Near Mint","English","","","2025-06-09 22:08:39.573000","120","False","True",""
"1","1","The First Sliver","mh1","Near Mint","English","","","2025-06-09 22:08:39.573000","200","False","True",""
"1","1","The Great Henge","eld","Near Mint","English","","","2025-06-09 22:08:39.573000","161","False","True",""
"5","5","The Great Henge","eld","Near Mint","English","","","2025-06-09 22:08:39.573000","370","False","True",""
"1","1","The Immortal Sun","rix","Near Mint","English","","","2025-06-09 22:08:39.573000","180","False","True",""
"1","1","The Locust God","mp2","Near Mint","English","foil","","2025-06-09 22:08:39.573000","51","False","True",""
"1","1","The Meathook Massacre","mid","Near Mint","English","","","2025-06-09 22:08:39.573000","348","True","True",""
"1","1","The Meathook Massacre","mid","Near Mint","English","","","2025-06-09 22:08:39.573000","348","False","True",""
"1","1","The Ozolith","iko","Near Mint","English","","","2025-06-09 22:08:39.573000","362","False","True",""
"2","2","The Tabernacle at Pendrell Vale","leg","Near Mint","English","","","2025-06-09 22:08:39.573000","307","False","True",""
"1","1","The Ur-Dragon","sld","Near Mint","English","foil","","2025-06-09 22:08:39.573000","11","False","True",""
"1","1","The Wandering Emperor","neo","Near Mint","English","","","2025-06-09 22:08:39.573000","316","False","True",""
"1","1","Thing in the Ice // Awoken Horror","soi","Near Mint","English","","","2025-06-09 22:08:39.573000","92","False","True",""
"1","1","Thorn of Amethyst","lrw","Near Mint","English","","","2025-06-09 22:08:39.573000","262","False","True",""
"1","1","Three Visits","ptk","Near Mint","English","","","2025-06-09 22:08:39.573000","153","False","True",""
"1","1","Through the Breach","chk","Near Mint","English","","","2025-06-09 22:08:39.573000","193","False","True",""
"1","1","Thrumming Stone","csp","Near Mint","English","","","2025-06-09 22:08:39.573000","142","False","True",""
"1","1","Time Vault","leb","Near Mint","English","","","2025-06-09 22:08:39.573000","275","False","True",""
"1","1","Timeless Lotus","dmu","Near Mint","English","","","2025-06-09 22:08:39.573000","239","False","True",""
"1","1","Timetwister","leb","Near Mint","English","","","2025-06-09 22:08:39.573000","85","False","True",""
"1","1","Tinybones, Trinket Thief","jmp","Near Mint","English","","","2025-06-09 22:08:39.573000","17","False","True",""
"1","1","Titania, Voice of Gaea","bro","Near Mint","English","","","2025-06-09 22:08:39.573000","193","False","True",""
"1","1","Tombstone Stairwell","mir","Near Mint","English","","","2025-06-09 22:08:39.573000","149","True","True",""
"2","2","Toxic Deluge","c13","Near Mint","English","","","2025-06-09 22:08:39.573000","96","False","True",""
"2","2","Toxic Deluge","2xm","Near Mint","English","","","2025-06-09 22:08:39.573000","345","False","True",""
"1","1","Toxrill, the Corrosive","vow","Near Mint","English","","","2025-06-09 22:08:39.573000","132","True","True",""
"1","1","Training Grounds","roe","Near Mint","English","","","2025-06-09 22:08:39.573000","91","False","True",""
"1","1","Treachery","uds","Near Mint","English","","","2025-06-09 22:08:39.573000","50","False","True",""
"1","1","Trinisphere","dst","Near Mint","English","","","2025-06-09 22:08:39.573000","154","False","True",""
"1","1","Trinisphere","mps","Near Mint","English","foil","","2025-06-09 22:08:39.573000","52","False","True",""
"2","2","Triumph of the Hordes","nph","Near Mint","English","","","2025-06-09 22:08:39.573000","123","False","True",""
"2","2","Tropical Island","leb","Near Mint","English","","","2025-06-09 22:08:39.573000","284","False","True",""
"1","1","Tropical Island","3ed","Near Mint","English","","","2025-06-09 22:08:39.573000","288","False","True",""
"1","1","Tropical Island","vma","Near Mint","English","foil","","2025-06-09 22:08:39.573000","321","True","True",""
"1","1","Tropical Island","fbb","Near Mint","German","","","2025-06-09 22:08:39.573000","288","False","True",""
"1","1","Tundra","leb","Near Mint","English","","","2025-06-09 22:08:39.573000","285","False","True",""
"2","2","Tundra","3ed","Near Mint","English","","","2025-06-09 22:08:39.573000","289","False","True",""
"1","1","Tundra","vma","Near Mint","English","foil","","2025-06-09 22:08:39.573000","322","True","True",""
"2","2","Ulamog, the Ceaseless Hunger","bfz","Near Mint","English","","","2025-06-09 22:08:39.573000","15","False","True",""
"1","1","Ulamog, the Infinite Gyre","roe","Near Mint","English","","","2025-06-09 22:08:39.573000","12","False","True",""
"2","2","Underground Sea","leb","Near Mint","English","","","2025-06-09 22:08:39.573000","286","False","True",""
"3","3","Underground Sea","3ed","Near Mint","English","","","2025-06-09 22:08:39.573000","290","False","True",""
"1","1","Underground Sea","vma","Near Mint","English","foil","","2025-06-09 22:08:39.573000","323","True","True",""
"2","2","Undergrowth Stadium","cmr","Near Mint","English","","","2025-06-09 22:08:39.573000","359","False","True",""
"2","2","Urborg, Tomb of Yawgmoth","plc","Near Mint","English","","","2025-06-09 22:08:39.573000","165","False","True",""
"1","1","Urborg, Tomb of Yawgmoth","m15","Near Mint","English","","","2025-06-09 22:08:39.573000","248","False","True",""
"1","1","Uro, Titan of Nature's Wrath","thb","Near Mint","English","","","2025-06-09 22:08:39.573000","343","False","True",""
"1","1","Urza, Lord High Artificer","mh1","Near Mint","English","","","2025-06-09 22:08:39.573000","75","False","True",""
"1","1","Urza, Lord Protector","bro","Near Mint","English","","","2025-06-09 22:08:39.573000","225","False","True",""
"2","2","Urza's Saga","mh2","Near Mint","English","","","2025-06-09 22:08:39.573000","259","False","True",""
"1","1","Valakut, the Molten Pinnacle","zne","Near Mint","English","","","2025-06-09 22:08:39.573000","29","False","True",""
"1","1","Valki, God of Lies // Tibalt, Cosmic Impostor","khm","Near Mint","English","","","2025-06-09 22:08:39.573000","114","False","True",""
"1","1","Vampiric Tutor","vis","Near Mint","English","","","2025-06-09 22:08:39.573000","72","False","True",""
"1","1","Vedalken Orrery","5dn","Near Mint","English","","","2025-06-09 22:08:39.573000","163","False","True",""
"1","1","Vendilion Clique","mor","Near Mint","English","","","2025-06-09 22:08:39.573000","55","False","True",""
"1","1","Verdant Catacombs","mm3","Near Mint","English","","","2025-06-09 22:08:39.573000","249","False","True",""
"1","1","Verdant Catacombs","exp","Near Mint","English","foil","","2025-06-09 22:08:39.573000","23","False","True",""
"1","1","Verdant Catacombs","slu","Near Mint","English","","","2025-06-09 22:08:39.573000","3","False","True",""
"4","4","Verdant Catacombs","zen","Near Mint","English","","","2025-06-09 22:08:39.573000","229","False","True",""
"1","1","Verdant Catacombs","zne","Near Mint","English","foil","","2025-06-09 22:08:39.573000","8","False","True",""
"1","1","Vesuva","tsp","Near Mint","English","","","2025-06-09 22:08:39.573000","281","False","True",""
"1","1","Vivien Reid","m19","Near Mint","English","","","2025-06-09 22:08:39.573000","208","False","True",""
"1","1","Voice of Resurgence","dgm","Near Mint","English","","","2025-06-09 22:08:39.573000","114","False","True",""
"1","1","Volcanic Island","fbb","Near Mint","German","","","2025-06-09 22:08:39.573000","291","False","True",""
"1","1","Volcanic Island","vma","Near Mint","English","foil","","2025-06-09 22:08:39.573000","324","True","True",""
"3","3","Volcanic Island","3ed","Near Mint","English","","","2025-06-09 22:08:39.573000","291","False","True",""
"1","1","Volcanic Island","leb","Near Mint","English","","","2025-06-09 22:08:39.573000","287","False","True",""
"1","1","Volrath's Stronghold","sth","Near Mint","English","","","2025-06-09 22:08:39.573000","143","False","True",""
"2","2","Vorinclex, Monstrous Raider","khm","Near Mint","English","","","2025-06-09 22:08:39.573000","320","False","True",""
"1","1","Vorinclex, Monstrous Raider","khm","Near Mint","Phyrexian","foil","","2025-06-09 22:08:39.573000","333","False","True",""
"1","1","Walking Ballista","aer","Near Mint","English","","","2025-06-09 22:08:39.573000","181","False","True",""
"2","2","Wasteland","tmp","Near Mint","English","","","2025-06-09 22:08:39.573000","330","False","True",""
"1","1","Wasteland","mpr","Near Mint","English","foil","","2025-06-09 22:08:39.573000","1","False","True",""
"1","1","Watery Grave","exp","Near Mint","English","foil","","2025-06-09 22:08:39.573000","7","False","True",""
"1","1","Watery Grave","unf","Near Mint","English","foil","","2025-06-09 22:08:39.573000","529","False","True",""
"1","1","Watery Grave","unf","Near Mint","English","","","2025-06-09 22:08:39.573000","278","False","True",""
"1","1","Wheel of Fortune","leb","Near Mint","English","","","2025-06-09 22:08:39.573000","184","True","True",""
"3","3","Wheel of Fortune","leb","Near Mint","English","","","2025-06-09 22:08:39.573000","184","False","True",""
"1","1","Windswept Heath","zne","Near Mint","English","foil","","2025-06-09 22:08:39.573000","5","False","True",""
"3","3","Windswept Heath","ktk","Near Mint","English","","","2025-06-09 22:08:39.573000","248","False","True",""
"3","3","Windswept Heath","ons","Near Mint","English","","","2025-06-09 22:08:39.573000","328","False","True",""
"1","1","Windswept Heath","exp","Near Mint","English","foil","","2025-06-09 22:08:39.573000","20","False","True",""
"2","2","Windswept Heath","zne","Near Mint","English","","","2025-06-09 22:08:39.573000","5","False","True",""
"1","1","Wooded Bastion","shm","Near Mint","English","","","2025-06-09 22:08:39.573000","281","False","True",""
"1","1","Wooded Foothills","zne","Near Mint","English","foil","","2025-06-09 22:08:39.573000","4","False","True",""
"2","2","Wooded Foothills","ktk","Near Mint","English","","","2025-06-09 22:08:39.573000","249","False","True",""
"1","1","Wooded Foothills","exp","Near Mint","English","foil","","2025-06-09 22:08:39.573000","19","False","True",""
"1","1","Wooded Foothills","zne","Near Mint","English","","","2025-06-09 22:08:39.573000","4","False","True",""
"2","2","Worldfire","m13","Near Mint","English","foil","","2025-06-09 22:08:39.573000","158","True","True",""
"1","1","Worldly Tutor","mir","Near Mint","English","","","2025-06-09 22:08:39.573000","255","False","True",""
"1","1","Wound Reflection","shm","Near Mint","English","","","2025-06-09 22:08:39.573000","81","False","True",""
"1","1","Wrath of God","mp2","Near Mint","English","foil","","2025-06-09 22:08:39.573000","7","False","True",""
"1","1","Yavimaya Hollow","uds","Near Mint","English","","","2025-06-09 22:08:39.573000","143","False","True",""
"1","1","Yavimaya, Cradle of Growth","mh2","Near Mint","English","","","2025-06-09 22:08:39.573000","441","False","True",""
"1","1","Yawgmoth, Thran Physician","tsr","Near Mint","English","","","2025-06-09 22:08:39.573000","336","False","True",""
"2","2","Yawgmoth, Thran Physician","mh1","Near Mint","English","","","2025-06-09 22:08:39.573000","116","False","True",""
"1","1","Yawgmoth's Will","usg","Near Mint","English","","","2025-06-09 22:08:39.573000","171","False","True",""
"1","1","Yuriko, the Tiger's Shadow","c18","Near Mint","English","","","2025-06-09 22:08:39.573000","52","False","True",""
"1","1","Zacama, Primal Calamity","rix","Near Mint","English","","","2025-06-09 22:08:39.573000","174","False","True",""
